3322 5154
346 2656 476 2697 cassiodor.
506 2659 548 2697 Vc·

345 2709 431 2748 riarum
440 2709 466 2748 12.
475 2710 494 2760 1,
504 2708 547 2758 Ep.

348 2760 377 2800 ll.
387 2759 415 2787 s*

346 2811 433 2852 Publii.
447 2809 519 2861 syrus

346 2861 404 2902 Seni.
414 2863 452 2902 25⁴
461 2863 546 2905 errent.

346 2913 371 2951 32
387 2910 440 2962 W.†

574 468 593 526 8
797 480 863 521 cer.
878 481 908 518 11.
936 481 977 521 uu
991 481 1232 526 oonsounrronu.

572 653 639 695 rum
662 633 728 714 ejus
752 642 784 696 et
798 642 1008 714 cognatorum,
1032 639 1166 702 affinium
1187 661 1306 725 quoqne
1327 654 1359 707 et
1381 647 1496 709 ami-1

573 754 688 810 corum,
712 736 955 798 adversariorum
979 738 1106 819 insuper
1128 743 1197 823 ojus¹
1216 746 1388 824 potentiam
1410 750 1460 811 vi.

571 837 757 919 lipendendo
781 857 944 919 eorumque
976 840 1100 904 divitias
1122 846 1224 908 verbis
1248 848 1458 915 annihilando.
1477 853 1494 906 3

660 939 780 1001 Deinde
811 959 888 1002 unus
922 941 960 1001 de
995 944 1186 1021 sapientibus
1220 951 1384 1015 causidicis
1420 956 1459 1017 de

570 1042 729 1103 voluntate
752 1041 879 1103 eliorum
904 1045 1048 1118 surrexit,
1080 1053 1112 1107 et
1133 1048 1213 1110 inter
1236 1058 1342 1116 cetere
1363 1057 1457 1122 dixit:
1476 1056 1494 1110 5

569 1145 735 1224 Negotium
762 1144 847 1206 istud
880 1145 1007 1206 arduum
1035 1155 1099 1223 est,
1133 1151 1252 1215 ratione
1279 1155 1398 1238 injuriae
1427 1169 1459 1225 et

570 1245 712 1308 maleficii
735 1247 855 1308 noviter
875 1248 1041 1324 commissi,
1065 1258 1097 1313 et
1119 1253 1190 1333 quie
1203 1256 1301 1322 mults
1315 1259 1491 1339 graviore?

569 1348 598 1409 in
633 1348 767 1410 futurum
799 1350 858 1410 hec
899 1351 1062 1414 occasione
1103 1364 1233 1434 possent
1266 1363 1455 1444 contingere.
1528 1371 1531 1376 '

568 1450 706 1513 Arduum
738 1451 830 1512 etiem
862 1461 910 1514 est
940 1453 1059 1516 ratione
1082 1457 1250 1521 vicinitatis
1274 1468 1305 1522 et
1328 1464 1491 1528 divitia-9

568 1572 633 1614 rum
657 1572 694 1634 ec
717 1555 863 1633 potentiue
881 1555 1038 1635 utriusque
1058 1559 1158 1637 pertis
1181 1569 1213 1624 et
1235 1563 1327 1626 etiam
1350 1568 1455 1632 multis

567 1654 637 1717 aliis
659 1655 841 1731 rationibus
865 1675 931 1737 quae
955 1657 992 1718 de
1015 1659 1099 1721 facili
1122 1681 1181 1723 non
1205 1675 1335 1743 possent
1357 1690 1453 1733 exco-
1472 1670 1505 1723 11

567 1756 669 1837 giteri,
693 1777 749 1818 nec
773 1759 958 1820 conveniens
982 1769 1067 1823 esset
1082 1762 1132 1825 hic
1146 1769 1309 1832 numerari.
1338 1770 1453 1850 Quare,

568 1879 636 1921 cum
659 1858 791 1921 sollicite
822 1860 863 1921 sit
885 1861 1129 1941 procedendum,
1169 1870 1356 1935 consulimus
1386 1876 1453 1952 tibi,
1474 1876 1508 1930 13

567 1959 749 2043 quatenus*
782 1981 947 2044 personam
979 1971 1063 2027 tuam
1093 1967 1138 2028 ita
1168 1973 1338 2050 custodies,
1373 1967 1474 2058 quod*

566 2082 664 2144 neque
688 2063 775 2124 dolus
798 2084 896 2145 neque
919 2066 1043 2128 estutiae
1066 2069 1169 2132 desint
1194 2073 1251 2135 tibi
1273 2077 1313 2138 ad
1336 2080 1506 2141 caven-15

567 2165 648 2226 dum.
685 2165 817 2245 Insuper
839 2166 932 2228 etiem
955 2168 1076 2229 domum
1098 2178 1183 2233 tuem
1198 2175 1361 2256 diligenter
1382 2201 1452 2244 mn-

566 2266 645 2328 nies.
679 2267 726 2328 De
749 2267 833 2330 facto
856 2274 959 2330 autem
981 2269 1126 2334 vindictae
1149 2283 1242 2356 etque
1265 2298 1382 2358 guerrae
1401 2285 1452 2346 fa·
1472 2285 1505 2338 17

566 2369 682 2431 ciendae
711 2369 833 2431 dubium
861 2370 1028 2432 maximum
1055 2373 1211 2450 videmuS,
1245 2398 1351 2458 quere,
1380 2385 1453 2464 quid

565 2470 674 2532 melius
698 2470 749 2545 sit,
783 2470 883 2533 adhuc
902 2471 1043 2552 judicare
1072 2495 1132 2537 non
1154 2497 1336 2558 possumus,
1372 2487 1451 2548 uude
1470 2489 1504 2542 19

566 2572 701 2651 spatium
724 2572 914 2635 deliberandi
938 2592 1033 2635 causa
1054 2578 1265 2655 postulamus;
1289 2603 1350 2645 non
1373 2587 1452 2649 enim

566 2673 667 2734 subito
685 2673 735 2734 vel
759 2674 901 2735 celeriter
924 2682 972 2735 est
986 2675 1199 2755 judicandum,
1223 2685 1349 2746 “omnia
1372 2688 1452 2750 enim
1470 2693 1502 2745 21

566 2774 669 2836 subita
690 2775 860 2853 probantur
882 2776 1039 2850 incaute’'‚
1069 2785 1101 2839 et
1123 2779 1175 2840 “in
1195 2782 1365 2859 judicando
1389 2791 1451 2860 cri·

564 2875 684 2936 minosa
706 2883 755 2936 est
779 2876 963 2950 celeritas”,
997 2884 1029 2937 et
1050 2880 1113 2940 “sd
1135 2883 1345 2959 poenitendum
1373 2910 1449 2970 pro·
1469 2895 1503 2949 23

516 3066 519 3071 ·
589 3043 882 3105 l·etem.]Dolqueam.
903 3044 989 3106 2.ejus
1024 3061 1105 3097 arum.
1148 3051 1241 3122 idac]
1262 3055 1330 3107 Bet.
1365 3061 1449 3122 etiem]

562 3128 625 3188 pot]
645 3127 663 3172 B
682 3129 867 3188 eomrnimpoi.
903 3129 926 3179 3.
946 3143 989 3177 eo·
1024 3134 1113 3181 om.D.·
1139 3135 1177 3186 11.
1197 3142 1330 3201 quatenus]
1349 3156 1396 3192 om.
1414 3145 1450 3206 Ε,

561 3213 675 3274 rumque]
709 3211 728 3261 0
763 3225 849 3259 eorum
885 3227 987 3276 quoque.
1024 3216 1449 3284 GunatinumAqucienuecum.

560 3297 650 3356 verbis]
670 3309 718 3345 om.
737 3295 764 3346 0.
799 3301 823 3349 4.
841 3298 946 3360 Deinde]
965 3303 988 3348 Α
1022 3317 1153 3363 personum
1171 3311 1250 3369 tuem]
1276 3313 1370 3360 omli.
1402 3316 1448 3376 ite]

561 3379 679 3441 demum
693 3380 837 3444 Ddenique.
865 3386 988 3444 sepienti·
1021 3388 1099 3435 Eilc
1117 3393 1147 3436 ie.
1180 3392 1215 3440 15.
1235 3397 1341 3455 astutiae]
1361 3397 1380 3443 B
1399 3413 1448 3446 un-

561 3451 890 3524 husmeraprenuoriem.
915 3469 937 3518 6.
953 3472 986 3530 et]
1021 3473 1117 3532 postte
1182 3476 1219 3526 18.
1254 3481 1399 3543 maximum]
1427 3485 1449 3532 D

561 3547 679 3611 Batque.
717 3549 740 3598 8.
759 3554 872 3613 possent]
891 3553 987 3614 Bpos-
1022 3559 1141 3606 maxime.
1171 3561 1207 3610 19.
1226 3563 1302 3623 unde]
1318 3565 1465 3617 Deorum·

560 3637 626 3681 sunt.
667 3634 689 3682 9.
708 3635 859 3697 divitiarum]
884 3637 987 3687 Odiei·
1023 3641 1062 3690 21.
1081 3643 1200 3704 celeriter]
1220 3645 1239 3691 B
1257 3649 1380 3698 velociter.

628 3800 643 3834 *
663 3805 792 3863 Quatenus
809 3821 853 3868 pro
876 3815 906 3856 ct
927 3825 949 3857 v.
969 3811 1107 3874 Foreollini,
1131 3814 1244 3864 Lecieon
1268 3819 1355 3868 Totius
1372 3821 1447 3870 Leli-

558 3889 665 3936 m'laits:
698 3889 754 3938 Sex.
777 3891 827 3939 Jul.
850 3892 985 3944 Frontinus
1010 3897 1046 3946 De
1069 3899 1263 3972 Apuoeductibuo
1286 3905 1313 3963 ῖς
1346 3905 1445 3968 Ulpien.

558 3973 652 4032 Dipert.
670 3974 713 4034 IV,
738 3975 760 4034 2,
786 3975 831 4037 143
857 3979 925 4026 Paul.
950 3981 1044 4042 Dipoet.
1067 3983 1135 4044 XIX,
1157 3986 1178 4044 2,
1199 3988 1238 4036 55.
1260 3989 1335 4036 -In
1355 3991 1444 4040 Decre-
1483 4053 1484 4058 ¹

558 4056 651 4103 talibus
677 4057 790 4119 (imperii
816 4062 857 4108 IX
879 4065 985 4112 formula
1001 4068 1163 4130 mundemus,
1188 4076 1310 4132 quolenus
1335 4089 1445 4137 persepe

556 4141 670 4189 occurrit.
744 4139 777 4175 **
794 4145 945 4208 Puteolopioe
964 4150 1055 4198 wreus
1078 4153 1226 4213 completus.
1265 4158 1403 4209 Accurente
1420 4161 1443 4210 J.

556 4225 583 4272 P.
602 4225 691 4284 Migne.
726 4227 802 4277 Poris.
822 4230 895 4281 1848.
931 4233 1065 4283 T.LX1X.
1150 4241 1229 4304 †W.'
1246 4260 1285 4282 =
1304 4244 1443 4294 Woelfflin:

555 4307 657 4356 Publilii
675 4308 730 4369 syri
749 4306 891 4364 Senieniioe.
916 4317 971 4367 lieo.
990 4317 1156 4370 Eduardus
1177 4324 1356 4376 Woelfflin.
1392 4331 1443 4378 Ac·
