3322 5154
543 446 583 504 22
631 453 698 495 cnr.
714 455 752 494 rx.
786 449 938 503 Quouono
952 453 1154 504 Acourau'run
1169 451 1357 494 naumurum.

543 629 650 673 omues
683 608 849 682 utilitates,
882 628 949 688 quae
982 606 1169 689 proveniunt
1202 626 1241 667 ex
1275 601 1476 686 speciebusl

542 710 726 792 prudentis,
750 717 782 771 et
803 709 919 772 multas
942 710 1033 784 alias,
1057 727 1134 789 quas
1156 726 1218 769 nou
1241 713 1368 788 oportet
1388 705 1440 766 hic

544 811 726 874 enumerari.
1457 803 1476 856 3

881 1031 1021 1146 canor
1043 1061 1101 1124 rx.

696 1195 855 1292 Quomodo
876 1215 1075 1303 doquiratm
1095 1211 1286 1282 Prudentia.

639 1373 821 1454 Acquiritur
853 1373 966 1453 quippe
1005 1372 1173 1453 prudentia
1212 1379 1245 1432 et
1284 1372 1441 1452 sapientia

539 1475 703 1554 omnisque
735 1474 868 1535 scientia
890 1474 1033 1535 doctriua
1060 1474 1198 1535 bonnet
1227 1473 1350 1534 abono
1380 1472 1438 1534 do·
1459 1463 1476 1518 5

545 1584 631 1638 ctore
653 1575 771 1637 tradita
793 1583 825 1636 et
846 1573 1060 1655 perseveranti
1082 1574 1196 1637 studio.

629 1685 657 1740 A
680 1682 760 1740 borao
783 1681 907 1739 doctore
928 1680 1049 1738 tradita
1070 1675 1141 1736 ideo
1155 1675 1230 1749 dixi,
1254 1676 1438 1755 quia'bonos
1458 1666 1474 1720 7

546 1780 691 1842 doctores
718 1778 933 1858 medicosque,
967 1777 1104 1839 artifices
1133 1795 1253 1856 quoque
1283 1782 1315 1838 et
1337 1779 1438 1857 magi·

546 1887 629 1942 stros
652 1899 689 1941 ac
713 1879 891 1960 operarios,
925 1880 1009 1940 etin
1032 1876 1171 1958 qualibet
1199 1886 1266 1940 arte
1290 1879 1340 1941 vel
1362 1899 1438 1958 pro·
1458 1871 1475 1924 9

545 1981 681 2043 sessione
704 1980 868 2060 peritiores
891 1999 1013 2060 semper
1036 1979 1149 2058 eligere
1178 1980 1284 2055 debes,
1313 2000 1439 2043 eorum-

546 2103 604 2163 que
628 2083 788 2145 consilium
812 2090 844 2143 et
866 2081 1025 2155 auxilium,
1049 2081 1076 2142 si
1099 2100 1176 2159 opus
1198 2082 1302 2156 fuerit,
1326 2075 1492 2160 postu-11

545 2186 622 2247 lare.
656 2185 737 2245 Nam
760 2183 841 2244 sicut
863 2183 962 2244 bonus
978 2182 1088 2243 doctor
1110 2177 1295 2261 perbonam
1319 2184 1439 2245 doctri-

530 2293 618 2346 'nam
647 2285 812 2364 praestabit
839 2283 990 2362 gratiam,
1030 2283 1075 2343 ita
1108 2281 1208 2343 malus
1237 2302 1294 2362 per
1326 2284 1439 2346 malam
1459 2277 1495 2331 13
1530 2290 1533 2294 ’

547 2386 719 2448 doctrinam
744 2385 837 2446 ducet
857 2386 888 2445 in
912 2402 1047 2445 errorem
1070 2403 1107 2444 ac
1122 2384 1263 2446 destruet
1284 2383 1385 2458 illam;
1411 2392 1443 2445 et

548 2488 630 2549 sicut
655 2487 755 2548 bonus
788 2485 927 2546 medicus
961 2484 1114 2545 curabiles
1147 2483 1344 2546 infirmitates
1378 2485 1441 2547 cito
1460 2478 1495 2532 15

547 2593 651 2661 sanat,
672 2587 719 2648 ita
740 2586 839 2646 malus
858 2585 1011 2646 curabiles
1034 2586 1230 2647 infirmitates
1252 2585 1441 2648 incurabiles

547 2689 624 2751 lacit
646 2696 678 2750 et
699 2707 755 2768 per
775 2687 960 2766 imperitiam
984 2706 1070 2747 suam
1093 2694 1167 2766 post
1180 2686 1293 2747 multos
1318 2686 1441 2748 labores
1461 2681 1495 2734 17
1523 2763 1526 2767 .

547 2797 580 2852 et
612 2789 726 2850 multas
759 2807 914 2866 expensas
943 2788 1057 2849 multos
1090 2796 1192 2851 necat.
1260 2787 1312 2850 Sic
1347 2787 1439 2849 etiam

546 2891 620 2953 mali
649 2889 807 2968 magistri,
841 2888 977 2949 artifices
1008 2889 1201 2968 etoperarii
1235 2889 1332 2950 multa
1359 2889 1442 2950 bona
1459 2885 1494 2938 19

546 3011 642 3073 opera
671 2997 744 3071 post
772 2990 885 3053 multos
918 2990 1042 3050 labores
1075 2990 1250 3070 multasque
1285 3009 1441 3070 expensas
1470 3023 1472 3028 ·

548 3095 715 3155 devastant
737 3111 774 3152 ac
797 3090 940 3171 imperite
963 3090 1143 3165 destruunt,
1172 3110 1267 3170 quare
1296 3092 1334 3152 de
1357 3111 1441 3170 prae-
1461 3087 1495 3140 21

548 3194 640 3256 dictis
663 3194 774 3254 bonum
792 3198 962 3253 mercatum
978 3211 1039 3253 uon
1054 3191 1170 3272 poteris
1193 3192 1324 3266 habere;
1348 3192 1440 3253 immo

549 3293 689 3356 sanctius
713 3301 809 3365 esset,
840 3291 913 3366 illis,
947 3297 982 3352 ut
1003 3293 1042 3353 ab
1066 3310 1159 3371 opere
1187 3312 1242 3354 suo
1267 3302 1441 3368 cessarent,
1457 3289 1492 3342 23

546 3396 624 3457 bene
648 3395 781 3468 solvere,
805 3412 895 3472 quam
918 3412 1021 3454 eorum
1046 3411 1171 3470 operam
1201 3394 1297 3472 gratis
1321 3402 1353 3455 et
1375 3395 1441 3456 sine

546 3496 646 3577 pretio
669 3495 794 3556 habere.
1462 3491 1498 3546 25

584 3683 606 3733 l.
629 3694 683 3741 qna
706 3679 977 3742 proveniunt]unoe
1011 3680 1082 3737 tiam]
1107 3679 1150 3726 BD
1174 3681 1314 3737 imperitia,
1360 3680 1400 3730 18.
1418 3687 1442 3728 et

543 3769 726 3826 prooemiorum
744 3765 765 3812 E
775 3765 841 3811 altos
851 3777 905 3825 quc
915 3777 977 3822 pro·
1010 3765 1101 3811 multas
1111 3766 1243 3826 expansas]
1252 3777 1300 3814 om.
1310 3762 1441 3814 maclou.

547 3853 675 3898 venerunt.
695 3849 717 3898 3.
735 3850 883 3908 enumerari]
895 3844 977 3895 AA²D
1011 3849 1104 3896 multos
1125 3850 1207 3908 necat]
1230 3849 1273 3896 BD
1300 3863 1348 3897 om.
1372 3851 1441 3897 mut-

547 3933 767 3982 enumerarit-7.
780 3937 804 3981 et
814 3933 977 3994 perseveranti
1011 3935 1056 3979 toa.
1103 3933 1142 3982 2³.
1163 3935 1307 3992 marcatum]
1332 3934 1351 3981 B
1375 3949 1442 3982 mer-

552 4047 579 4055 -
600 4018 707 4076 tradito]
727 4030 774 4065 om.
792 4017 823 4064 D.
862 4019 884 4064 7.
908 4017 976 4076 quia]
1012 4017 1124 4064 etaiam.
1165 4017 1205 4067 24.
1229 4020 1350 4078 sanctius]
1369 4021 1441 4070 codd.

547 4105 570 4152 D
589 4103 663 4164 quod.
708 4102 747 4152 15.
770 4099 977 4161 infirmitatem
1014 4101 1053 4164 (oz
1079 4099 1188 4164 eattae);
1225 4102 1252 4150 Μ
1283 4105 1332 4162 pict
1366 4108 1442 4152 santa

547 4187 670 4249 infirmos.
715 4185 754 4236 16.
772 4186 862 4246 malus]
881 4185 901 4231 B
918 4199 977 4232 mo·
1012 4199 1078 4234 cosa.
1115 4185 1153 4236 Ol.
1173 4199 1248 4249 supra
1265 4202 1289 4250 p.
1309 4190 1323 4238 l
1343 4203 1364 4235 v.
1387 4188 1424 4238 13.

549 4273 587 4320 lus
609 4273 696 4318 ctiam.
743 4270 782 4320 17.
805 4282 849 4334 per
874 4271 976 4348 impari-
