<?xml version="1.0" encoding="UTF-8"?>
<!DOCTYPE html PUBLIC "-//W3C//DTD XHTML 1.0 Transitional//EN"
    "http://www.w3.org/TR/xhtml1/DTD/xhtml1-transitional.dtd">
<html xmlns="http://www.w3.org/1999/xhtml" xml:lang="en" lang="en">
 <head>
  <title>
</title>
<meta http-equiv="Content-Type" content="text/html;charset=utf-8" />
  <meta name='ocr-system' content='tesseract 3.04.00' />
  <meta name='ocr-capabilities' content='ocr_page ocr_carea ocr_par ocr_line ocrx_word'/>
</head>
<body>
  <div class='ocr_page' id='page_1' title='image "albertanibrixie00englgoog_0035.png"; bbox 0 0 3322 5154; ppageno 0'>
   <div class='ocr_carea' id='block_1_1' title="bbox 408 480 1075 538">
    <p class='ocr_par' dir='ltr' id='par_1_1' title="bbox 408 480 1075 538">
     <span class='ocr_line' id='line_1_1' title="bbox 408 480 1075 538; baseline -0.012 -5"><span class='ocrx_word' id='word_1_1' title='bbox 408 489 475 533; x_wconf 77' lang='lat' dir='ltr'><strong>GAP.</strong></span> <span class='ocrx_word' id='word_1_2' title='bbox 488 491 519 530; x_wconf 86' lang='lat'>11.</span> <span class='ocrx_word' id='word_1_3' title='bbox 551 489 593 530; x_wconf 76' lang='lat' dir='ltr'>nm</span> <span class='ocrx_word' id='word_1_4' title='bbox 607 487 848 532; x_wconf 71' lang='lat' dir='ltr'>CONSOLA&#39;PIONE.</span> <span class='ocrx_word' id='word_1_5' title='bbox 1057 480 1075 538; x_wconf 82' lang='grc'><strong>7</strong></span> 
     </span>
    </p>
   </div>
   <div class='ocr_carea' id='block_1_2' title="bbox 129 644 1151 3678">
    <p class='ocr_par' dir='ltr' id='par_1_2' title="bbox 129 644 1151 3678">
     <span class='ocr_line' id='line_1_2' title="bbox 149 644 1082 727; baseline -0.004 -14"><span class='ocrx_word' id='word_1_6' title='bbox 149 648 279 714; x_wconf 86' lang='lat' dir='ltr'>ldixit:</span> <span class='ocrx_word' id='word_1_7' title='bbox 326 647 469 713; x_wconf 79' lang='lat' dir='ltr'>Officium</span> <span class='ocrx_word' id='word_1_8' title='bbox 503 652 552 708; x_wconf 87' lang='lat' dir='ltr'>est</span> <span class='ocrx_word' id='word_1_9' title='bbox 584 644 773 708; x_wconf 86' lang='lat' dir='ltr'>medicorum</span> <span class='ocrx_word' id='word_1_10' title='bbox 806 651 899 727; x_wconf 90' lang='lat' dir='ltr'>atque</span> <span class='ocrx_word' id='word_1_11' title='bbox 933 646 973 708; x_wconf 90' lang='lat' dir='ltr'>ad</span> <span class='ocrx_word' id='word_1_12' title='bbox 1005 645 1082 709; x_wconf 78' lang='lat' dir='ltr'>illos.</span> 
     </span>
     <span class='ocr_line' id='line_1_3' title="bbox 184 746 1075 832; baseline -0.006 -17"><span class='ocrx_word' id='word_1_13' title='bbox 184 771 308 832; x_wconf 81' lang='lat' dir='ltr'>semper</span> <span class='ocrx_word' id='word_1_14' title='bbox 335 757 471 831; x_wconf 84' lang='lat' dir='ltr'>spectat,</span> <span class='ocrx_word' id='word_1_15' title='bbox 506 748 645 811; x_wconf 92' lang='lat' dir='ltr'>omnibus</span> <span class='ocrx_word' id='word_1_16' title='bbox 674 749 825 828; x_wconf 84' lang='lat' dir='ltr'><strong>prodesse</strong></span> <span class='ocrx_word' id='word_1_17' title='bbox 854 767 890 808; x_wconf 91' lang='lat' dir='ltr'>ac</span> <span class='ocrx_word' id='word_1_18' title='bbox 918 746 994 809; x_wconf 90' lang='lat' dir='ltr'>nulli</span> <span class='ocrx_word' id='word_1_19' title='bbox 1015 767 1075 810; x_wconf 94' lang='lat' dir='ltr'>no·</span> 
     </span>
     <span class='ocr_line' id='line_1_4' title="bbox 147 849 1075 932; baseline -0.005 -15"><span class='ocrx_word' id='word_1_20' title='bbox 147 854 165 908; x_wconf 88' lang='lat'><strong>3</strong></span> <span class='ocrx_word' id='word_1_21' title='bbox 184 873 265 917; x_wconf 89' lang='lat' dir='ltr'>cere.</span> <span class='ocrx_word' id='word_1_22' title='bbox 310 852 494 932; x_wconf 83' lang='lat' dir='ltr'>Plerumque</span> <span class='ocrx_word' id='word_1_23' title='bbox 518 850 597 912; x_wconf 89' lang='lat' dir='ltr'>enim</span> <span class='ocrx_word' id='word_1_24' title='bbox 621 849 747 925; x_wconf 89' lang='lat' dir='ltr'>accidit,</span> <span class='ocrx_word' id='word_1_25' title='bbox 778 858 823 926; x_wconf 93' lang='lat' dir='ltr'>ut,</span> <span class='ocrx_word' id='word_1_26' title='bbox 845 849 1022 912; x_wconf 87' lang='lat' dir='ltr'>vulneribus</span> <span class='ocrx_word' id='word_1_27' title='bbox 1044 851 1075 912; x_wconf 94' lang='lat' dir='ltr'>in</span> 
     </span>
     <span class='ocr_line' id='line_1_5' title="bbox 183 951 1076 1035; baseline -0.004 -17"><span class='ocrx_word' id='word_1_28' title='bbox 183 956 253 1018; x_wconf 84' lang='lat' dir='ltr'>rixa</span> <span class='ocrx_word' id='word_1_29' title='bbox 273 953 416 1035; x_wconf 85' lang='lat' dir='ltr'>utrinque</span> <span class='ocrx_word' id='word_1_30' title='bbox 440 952 552 1028; x_wconf 75' lang='lat' dir='ltr'>factiS,</span> <span class='ocrx_word' id='word_1_31' title='bbox 585 951 697 1014; x_wconf 91' lang='lat' dir='ltr'>medici</span> <span class='ocrx_word' id='word_1_32' title='bbox 726 953 763 1014; x_wconf 93' lang='lat' dir='ltr'>de</span> <span class='ocrx_word' id='word_1_33' title='bbox 787 958 855 1015; x_wconf 90' lang='lat' dir='ltr'>arte</span> <span class='ocrx_word' id='word_1_34' title='bbox 878 972 935 1014; x_wconf 88' lang='lat' dir='ltr'>sua</span> <span class='ocrx_word' id='word_1_35' title='bbox 956 952 1076 1033; x_wconf 86' lang='lat' dir='ltr'>utrique</span> 
     </span>
     <span class='ocr_line' id='line_1_6' title="bbox 147 1052 1075 1139; baseline -0.003 -19"><span class='ocrx_word' id='word_1_36' title='bbox 147 1057 165 1112; x_wconf 85' lang='lat'>5</span> <span class='ocrx_word' id='word_1_37' title='bbox 183 1057 266 1139; x_wconf 89' lang='lat' dir='ltr'>parti</span> <span class='ocrx_word' id='word_1_38' title='bbox 289 1056 453 1119; x_wconf 84' lang='lat' dir='ltr'>consulant</span> <span class='ocrx_word' id='word_1_39' title='bbox 474 1073 512 1116; x_wconf 93' lang='lat' dir='ltr'>ac</span> <span class='ocrx_word' id='word_1_40' title='bbox 534 1052 672 1134; x_wconf 92' lang='lat' dir='ltr'>utrisque</span> <span class='ocrx_word' id='word_1_41' title='bbox 695 1053 828 1136; x_wconf 88' lang='lat' dir='ltr'>sollicite</span> <span class='ocrx_word' id='word_1_42' title='bbox 842 1054 994 1117; x_wconf 90' lang='lat' dir='ltr'>medelam</span> <span class='ocrx_word' id='word_1_43' title='bbox 1016 1055 1075 1117; x_wconf 91' lang='lat' dir='ltr'>ad-</span> 
     </span>
     <span class='ocr_line' id='line_1_7' title="bbox 157 1155 1077 1236; baseline 0 -16"><span class='ocrx_word' id='word_1_44' title='bbox 157 1189 159 1192; x_wconf 95' lang='lat'>·</span> <span class='ocrx_word' id='word_1_45' title='bbox 182 1159 320 1220; x_wconf 88' lang='lat' dir='ltr'>hibeant.</span> <span class='ocrx_word' id='word_1_46' title='bbox 365 1157 408 1219; x_wconf 84' lang='lat' dir='ltr'>Et</span> <span class='ocrx_word' id='word_1_47' title='bbox 429 1156 498 1218; x_wconf 89' lang='lat' dir='ltr'>ideo</span> <span class='ocrx_word' id='word_1_48' title='bbox 527 1176 587 1218; x_wconf 95' lang='lat' dir='ltr'>non</span> <span class='ocrx_word' id='word_1_49' title='bbox 611 1155 738 1235; x_wconf 86' lang='lat' dir='ltr'>expedit</span> <span class='ocrx_word' id='word_1_50' title='bbox 760 1155 805 1218; x_wconf 90' lang='lat' dir='ltr'>eis</span> <span class='ocrx_word' id='word_1_51' title='bbox 828 1157 866 1217; x_wconf 89' lang='lat' dir='ltr'>de</span> <span class='ocrx_word' id='word_1_52' title='bbox 894 1175 1005 1236; x_wconf 87' lang='lat' dir='ltr'>guerra</span> <span class='ocrx_word' id='word_1_53' title='bbox 1026 1157 1077 1220; x_wconf 86' lang='lat' dir='ltr'>vel</span> 
     </span>
     <span class='ocr_line' id='line_1_8' title="bbox 149 1256 1074 1340; baseline 0.001 -18"><span class='ocrx_word' id='word_1_54' title='bbox 149 1260 165 1315; x_wconf 79' lang='grc'><strong>7</strong></span> <span class='ocrx_word' id='word_1_55' title='bbox 183 1259 322 1322; x_wconf 85' lang='lat' dir='ltr'>vindicta</span> <span class='ocrx_word' id='word_1_56' title='bbox 345 1259 516 1334; x_wconf 89' lang='lat' dir='ltr'>consulere,</span> <span class='ocrx_word' id='word_1_57' title='bbox 546 1277 603 1320; x_wconf 89' lang='lat' dir='ltr'>nec</span> <span class='ocrx_word' id='word_1_58' title='bbox 625 1256 707 1320; x_wconf 90' lang='lat' dir='ltr'>inter</span> <span class='ocrx_word' id='word_1_59' title='bbox 729 1258 850 1338; x_wconf 91' lang='lat' dir='ltr'>aliquos</span> <span class='ocrx_word' id='word_1_60' title='bbox 872 1265 994 1340; x_wconf 87' lang='lat' dir='ltr'>partem</span> <span class='ocrx_word' id='word_1_61' title='bbox 1018 1279 1074 1323; x_wconf 92' lang='lat' dir='ltr'>ca·</span> 
     </span>
     <span class='ocr_line' id='line_1_9' title="bbox 183 1360 1077 1443; baseline 0.001 -19"><span class='ocrx_word' id='word_1_62' title='bbox 183 1381 274 1443; x_wconf 86' lang='lat' dir='ltr'>pere,</span> <span class='ocrx_word' id='word_1_63' title='bbox 317 1379 411 1441; x_wconf 87' lang='lat' dir='ltr'>quare</span> <span class='ocrx_word' id='word_1_64' title='bbox 445 1363 483 1423; x_wconf 92' lang='lat' dir='ltr'>de</span> <span class='ocrx_word' id='word_1_65' title='bbox 515 1360 654 1423; x_wconf 87' lang='lat' dir='ltr'>vindicta</span> <span class='ocrx_word' id='word_1_66' title='bbox 687 1360 832 1423; x_wconf 83' lang='lat' dir='ltr'>facienda</span> <span class='ocrx_word' id='word_1_67' title='bbox 864 1361 986 1423; x_wconf 88' lang='lat' dir='ltr'>minime</span> <span class='ocrx_word' id='word_1_68' title='bbox 1020 1362 1077 1426; x_wconf 87' lang='lat' dir='ltr'>tibi</span> 
     </span>
     <span class='ocr_line' id='line_1_10' title="bbox 147 1462 1074 1544; baseline 0.005 -24"><span class='ocrx_word' id='word_1_69' title='bbox 147 1462 383 1527; x_wconf 69' lang='lat' dir='ltr'>tconsulimus.</span> <span class='ocrx_word' id='word_1_70' title='bbox 438 1462 548 1524; x_wconf 84' lang='lat' dir='ltr'><strong>Filiam</strong></span> <span class='ocrx_word' id='word_1_71' title='bbox 577 1480 650 1524; x_wconf 89' lang='lat' dir='ltr'>vero</span> <span class='ocrx_word' id='word_1_72' title='bbox 682 1467 786 1537; x_wconf 85' lang='lat' dir='ltr'>tuam,</span> <span class='ocrx_word' id='word_1_73' title='bbox 818 1463 970 1544; x_wconf 89' lang='lat' dir='ltr'>inspectis</span> <span class='ocrx_word' id='word_1_74' title='bbox 1001 1463 1074 1526; x_wconf 93' lang='lat' dir='ltr'>dili-</span> 
     </span>
     <span class='ocr_line' id='line_1_11' title="bbox 183 1563 1074 1646; baseline 0.002 -19"><span class='ocrx_word' id='word_1_75' title='bbox 183 1573 292 1646; x_wconf 85' lang='lat' dir='ltr'>genter</span> <span class='ocrx_word' id='word_1_76' title='bbox 312 1563 395 1626; x_wconf 92' lang='lat' dir='ltr'>illius</span> <span class='ocrx_word' id='word_1_77' title='bbox 418 1565 607 1639; x_wconf 88' lang='lat' dir='ltr'>vulneribus,</span> <span class='ocrx_word' id='word_1_78' title='bbox 629 1563 764 1626; x_wconf 80' lang='lat' dir='ltr'>sollicite</span> <span class='ocrx_word' id='word_1_79' title='bbox 787 1584 824 1627; x_wconf 92' lang='lat' dir='ltr'>ac</span> <span class='ocrx_word' id='word_1_80' title='bbox 848 1565 989 1645; x_wconf 87' lang='lat' dir='ltr'>provide,</span> <span class='ocrx_word' id='word_1_81' title='bbox 1025 1565 1074 1629; x_wconf 94' lang='lat' dir='ltr'>die</span> 
     </span>
     <span class='ocr_line' id='line_1_12' title="bbox 131 1666 1076 1747; baseline 0.007 -23"><span class='ocrx_word' id='word_1_82' title='bbox 131 1670 164 1725; x_wconf 92' lang='lat'>11</span> <span class='ocrx_word' id='word_1_83' title='bbox 182 1675 337 1747; x_wconf 91' lang='lat' dir='ltr'>noctuque</span> <span class='ocrx_word' id='word_1_84' title='bbox 359 1667 603 1746; x_wconf 80' lang='lat' dir='ltr'>procurabimus,</span> <span class='ocrx_word' id='word_1_85' title='bbox 627 1673 669 1740; x_wconf 85' lang='lat' dir='ltr'>et,</span> <span class='ocrx_word' id='word_1_86' title='bbox 700 1666 793 1730; x_wconf 85' lang='lat' dir='ltr'>dante</span> <span class='ocrx_word' id='word_1_87' title='bbox 816 1666 966 1742; x_wconf 89' lang='lat' dir='ltr'>Domino,</span> <span class='ocrx_word' id='word_1_88' title='bbox 1000 1666 1076 1731; x_wconf 88' lang='lat' dir='ltr'>licet</span> 
     </span>
     <span class='ocr_line' id='line_1_13' title="bbox 183 1768 1074 1850; baseline 0.001 -19"><span class='ocrx_word' id='word_1_89' title='bbox 183 1768 364 1850; x_wconf 84' lang='lat' dir='ltr'>gravissime</span> <span class='ocrx_word' id='word_1_90' title='bbox 394 1769 437 1831; x_wconf 89' lang='lat' dir='ltr'>sit</span> <span class='ocrx_word' id='word_1_91' title='bbox 466 1770 646 1842; x_wconf 88' lang='lat' dir='ltr'>vulnerata,</span> <span class='ocrx_word' id='word_1_92' title='bbox 680 1768 720 1830; x_wconf 92' lang='lat' dir='ltr'>ad</span> <span class='ocrx_word' id='word_1_93' title='bbox 748 1769 861 1830; x_wconf 91' lang='lat' dir='ltr'>bonam</span> <span class='ocrx_word' id='word_1_94' title='bbox 890 1768 1074 1850; x_wconf 87' lang='lat' dir='ltr'>plenamque</span> 
     </span>
     <span class='ocr_line' id='line_1_14' title="bbox 130 1870 589 1950; baseline 0.004 -21"><span class='ocrx_word' id='word_1_95' title='bbox 130 1875 165 1930; x_wconf 87' lang='lat'>13</span> <span class='ocrx_word' id='word_1_96' title='bbox 184 1871 351 1934; x_wconf 84' lang='lat' dir='ltr'>sanitatem</span> <span class='ocrx_word' id='word_1_97' title='bbox 374 1870 589 1950; x_wconf 89' lang='lat' dir='ltr'>perducemus.</span> 
     </span>
     <span class='ocr_line' id='line_1_15' title="bbox 266 1971 1075 2054; baseline 0.002 -20"><span class='ocrx_word' id='word_1_98' title='bbox 266 1973 345 2035; x_wconf 88' lang='lat' dir='ltr'>Post</span> <span class='ocrx_word' id='word_1_99' title='bbox 366 1971 451 2034; x_wconf 91' lang='lat' dir='ltr'>illum</span> <span class='ocrx_word' id='word_1_100' title='bbox 475 1990 548 2034; x_wconf 91' lang='lat' dir='ltr'>vero</span> <span class='ocrx_word' id='word_1_101' title='bbox 571 1991 648 2033; x_wconf 92' lang='lat' dir='ltr'>unus</span> <span class='ocrx_word' id='word_1_102' title='bbox 668 1971 705 2033; x_wconf 90' lang='lat' dir='ltr'>de</span> <span class='ocrx_word' id='word_1_103' title='bbox 729 1971 857 2034; x_wconf 89' lang='lat' dir='ltr'>medicis</span> <span class='ocrx_word' id='word_1_104' title='bbox 876 1971 1013 2054; x_wconf 85' lang='lat' dir='ltr'>physicae</span> <span class='ocrx_word' id='word_1_105' title='bbox 1036 1974 1075 2036; x_wconf 91' lang='lat' dir='ltr'>de</span> 
     </span>
     <span class='ocr_line' id='line_1_16' title="bbox 131 2065 1074 2154; baseline 0.004 -21"><span class='ocrx_word' id='word_1_106' title='bbox 131 2079 165 2134; x_wconf 85' lang='lat'>15</span> <span class='ocrx_word' id='word_1_107' title='bbox 183 2074 312 2137; x_wconf 91' lang='lat' dir='ltr'>consilio</span> <span class='ocrx_word' id='word_1_108' title='bbox 341 2081 373 2136; x_wconf 92' lang='lat' dir='ltr'>et</span> <span class='ocrx_word' id='word_1_109' title='bbox 398 2074 558 2135; x_wconf 86' lang='lat' dir='ltr'>voluntate</span> <span class='ocrx_word' id='word_1_110' title='bbox 588 2073 718 2136; x_wconf 91' lang='lat' dir='ltr'>aliorum</span> <span class='ocrx_word' id='word_1_111' title='bbox 740 2065 894 2136; x_wconf 89' lang='lat' dir='ltr'>consuluit</span> <span class='ocrx_word' id='word_1_112' title='bbox 916 2073 1005 2154; x_wconf 86' lang='lat' dir='ltr'>quasi</span> <span class='ocrx_word' id='word_1_113' title='bbox 1028 2075 1074 2137; x_wconf 91' lang='lat' dir='ltr'>si·</span> 
     </span>
     <span class='ocr_line' id='line_1_17' title="bbox 183 2173 1074 2256; baseline -0.001 -17"><span class='ocrx_word' id='word_1_114' title='bbox 183 2177 277 2239; x_wconf 92' lang='lat' dir='ltr'>milia.</span> <span class='ocrx_word' id='word_1_115' title='bbox 332 2176 374 2238; x_wconf 82' lang='lat' dir='ltr'>Et</span> <span class='ocrx_word' id='word_1_116' title='bbox 400 2182 474 2256; x_wconf 89' lang='lat' dir='ltr'>post</span> <span class='ocrx_word' id='word_1_117' title='bbox 500 2173 598 2236; x_wconf 86' lang='lat' dir='ltr'>multa</span> <span class='ocrx_word' id='word_1_118' title='bbox 619 2175 715 2236; x_wconf 89' lang='lat' dir='ltr'>verba</span> <span class='ocrx_word' id='word_1_119' title='bbox 737 2193 825 2237; x_wconf 90' lang='lat' dir='ltr'>suum</span> <span class='ocrx_word' id='word_1_120' title='bbox 852 2175 999 2238; x_wconf 85' lang='lat' dir='ltr'>auxilium</span> <span class='ocrx_word' id='word_1_121' title='bbox 1021 2181 1074 2238; x_wconf 87' lang='lat' dir='ltr'>at-</span> 
     </span>
     <span class='ocr_line' id='line_1_18' title="bbox 129 2276 1074 2360; baseline 0.005 -24"><span class='ocrx_word' id='word_1_122' title='bbox 129 2281 163 2337; x_wconf 79' lang='grc'>17</span> <span class='ocrx_word' id='word_1_123' title='bbox 182 2298 240 2360; x_wconf 87' lang='lat' dir='ltr'>qus</span> <span class='ocrx_word' id='word_1_124' title='bbox 264 2277 424 2342; x_wconf 89' lang='lat' dir='ltr'>consilium</span> <span class='ocrx_word' id='word_1_125' title='bbox 448 2276 532 2337; x_wconf 86' lang='lat' dir='ltr'>circa</span> <span class='ocrx_word' id='word_1_126' title='bbox 548 2276 708 2339; x_wconf 83' lang='lat' dir='ltr'>medicinae</span> <span class='ocrx_word' id='word_1_127' title='bbox 732 2283 831 2339; x_wconf 86' lang='lat' dir='ltr'>artem</span> <span class='ocrx_word' id='word_1_128' title='bbox 853 2296 909 2357; x_wconf 88' lang='lat' dir='ltr'>pro</span> <span class='ocrx_word' id='word_1_129' title='bbox 931 2277 995 2339; x_wconf 89' lang='lat' dir='ltr'>filia</span> <span class='ocrx_word' id='word_1_130' title='bbox 1017 2298 1074 2341; x_wconf 88' lang='lat' dir='ltr'>sua</span> 
     </span>
     <span class='ocr_line' id='line_1_19' title="bbox 180 2376 1073 2464; baseline 0 -22"><span class='ocrx_word' id='word_1_131' title='bbox 180 2381 237 2457; x_wconf 94' lang='lat' dir='ltr'>illi,</span> <span class='ocrx_word' id='word_1_132' title='bbox 260 2400 316 2461; x_wconf 91' lang='lat' dir='ltr'>pro</span> <span class='ocrx_word' id='word_1_133' title='bbox 339 2399 373 2442; x_wconf 89' lang='lat' dir='ltr'>se</span> <span class='ocrx_word' id='word_1_134' title='bbox 397 2385 429 2440; x_wconf 88' lang='lat' dir='ltr'>et</span> <span class='ocrx_word' id='word_1_135' title='bbox 451 2377 533 2452; x_wconf 89' lang='lat' dir='ltr'>aliis,</span> <span class='ocrx_word' id='word_1_136' title='bbox 559 2378 745 2458; x_wconf 84' lang='lat' dir='ltr'>repromisit.</span> <span class='ocrx_word' id='word_1_137' title='bbox 775 2376 868 2442; x_wconf 83' lang='lat' dir='ltr'>Circa</span> <span class='ocrx_word' id='word_1_138' title='bbox 883 2397 956 2464; x_wconf 72' lang='lat' dir='ltr'>nero</span> <span class='ocrx_word' id='word_1_139' title='bbox 980 2399 1073 2460; x_wconf 86' lang='lat' dir='ltr'>guer-</span> 
     </span>
     <span class='ocr_line' id='line_1_20' title="bbox 133 2479 1074 2563; baseline 0.004 -23"><span class='ocrx_word' id='word_1_140' title='bbox 133 2486 166 2540; x_wconf 87' lang='grc'>19</span> <span class='ocrx_word' id='word_1_141' title='bbox 183 2501 249 2544; x_wconf 89' lang='lat' dir='ltr'>ram</span> <span class='ocrx_word' id='word_1_142' title='bbox 273 2489 365 2563; x_wconf 85' lang='lat' dir='ltr'>atque</span> <span class='ocrx_word' id='word_1_143' title='bbox 387 2479 556 2541; x_wconf 85' lang='lat' dir='ltr'>vindictam</span> <span class='ocrx_word' id='word_1_144' title='bbox 579 2479 624 2541; x_wconf 89' lang='lat' dir='ltr'>sic</span> <span class='ocrx_word' id='word_1_145' title='bbox 648 2480 870 2544; x_wconf 83' lang='lat' dir='ltr'>ait:.Dicimus</span> <span class='ocrx_word' id='word_1_146' title='bbox 888 2480 970 2561; x_wconf 93' lang='lat' dir='ltr'>quia,</span> <span class='ocrx_word' id='word_1_147' title='bbox 993 2481 1074 2544; x_wconf 88' lang='lat' dir='ltr'>sicut</span> 
     </span>
     <span class='ocr_line' id='line_1_21' title="bbox 184 2580 1076 2666; baseline 0 -20"><span class='ocrx_word' id='word_1_148' title='bbox 184 2603 241 2666; x_wconf 87' lang='lat' dir='ltr'>per</span> <span class='ocrx_word' id='word_1_149' title='bbox 260 2582 422 2665; x_wconf 86' lang='lat' dir='ltr'>physicam</span> <span class='ocrx_word' id='word_1_150' title='bbox 444 2580 601 2643; x_wconf 89' lang='lat' dir='ltr'>contraria</span> <span class='ocrx_word' id='word_1_151' title='bbox 622 2582 786 2645; x_wconf 84' lang='lat' dir='ltr'>contrariis</span> <span class='ocrx_word' id='word_1_152' title='bbox 802 2589 958 2658; x_wconf 87' lang='lat' dir='ltr'>curantur,</span> <span class='ocrx_word' id='word_1_153' title='bbox 981 2583 1027 2645; x_wconf 89' lang='lat' dir='ltr'>ita</span> <span class='ocrx_word' id='word_1_154' title='bbox 1044 2592 1076 2646; x_wconf 91' lang='lat' dir='ltr'>et</span> 
     </span>
     <span class='ocr_line' id='line_1_22' title="bbox 132 2681 1073 2764; baseline 0.006 -22"><span class='ocrx_word' id='word_1_155' title='bbox 132 2688 166 2743; x_wconf 83' lang='grc'>21</span> <span class='ocrx_word' id='word_1_156' title='bbox 184 2686 216 2746; x_wconf 93' lang='lat' dir='ltr'>in</span> <span class='ocrx_word' id='word_1_157' title='bbox 243 2702 355 2764; x_wconf 83' lang='lat' dir='ltr'>guerra</span> <span class='ocrx_word' id='word_1_158' title='bbox 382 2690 474 2763; x_wconf 88' lang='lat' dir='ltr'>atque</span> <span class='ocrx_word' id='word_1_159' title='bbox 502 2681 641 2744; x_wconf 89' lang='lat' dir='ltr'>vindicta</span> <span class='ocrx_word' id='word_1_160' title='bbox 663 2690 695 2744; x_wconf 91' lang='lat' dir='ltr'>et</span> <span class='ocrx_word' id='word_1_161' title='bbox 715 2684 746 2745; x_wconf 93' lang='lat' dir='ltr'>in</span> <span class='ocrx_word' id='word_1_162' title='bbox 776 2683 845 2746; x_wconf 90' lang='lat' dir='ltr'>aliis</span> <span class='ocrx_word' id='word_1_163' title='bbox 874 2685 965 2747; x_wconf 89' lang='lat' dir='ltr'>rebus</span> <span class='ocrx_word' id='word_1_164' title='bbox 996 2705 1073 2748; x_wconf 90' lang='lat' dir='ltr'>con·</span> 
     </span>
     <span class='ocr_line' id='line_1_23' title="bbox 167 2783 851 2849; baseline -0.003 0"><span class='ocrx_word' id='word_1_165' title='bbox 167 2785 283 2849; x_wconf 83' lang='lat' dir='ltr'>traria</span> <span class='ocrx_word' id='word_1_166' title='bbox 305 2784 468 2847; x_wconf 83' lang='lat' dir='ltr'>contrariis</span> <span class='ocrx_word' id='word_1_167' title='bbox 492 2783 593 2846; x_wconf 86' lang='lat' dir='ltr'>curari</span> <span class='ocrx_word' id='word_1_168' title='bbox 615 2792 851 2847; x_wconf 87' lang='lat' dir='ltr'>consueverunt.</span> 
     </span>
     <span class='ocr_line' id='line_1_24' title="bbox 134 2885 1073 2967; baseline 0.002 -20"><span class='ocrx_word' id='word_1_169' title='bbox 134 2893 168 2947; x_wconf 82' lang='lat'>23</span> <span class='ocrx_word' id='word_1_170' title='bbox 268 2886 373 2948; x_wconf 91' lang='lat' dir='ltr'>Vicini</span> <span class='ocrx_word' id='word_1_171' title='bbox 401 2905 474 2948; x_wconf 88' lang='lat' dir='ltr'>vero</span> <span class='ocrx_word' id='word_1_172' title='bbox 503 2894 535 2947; x_wconf 90' lang='lat' dir='ltr'>et</span> <span class='ocrx_word' id='word_1_173' title='bbox 556 2885 671 2948; x_wconf 89' lang='lat' dir='ltr'>inimici</span> <span class='ocrx_word' id='word_1_174' title='bbox 701 2886 872 2966; x_wconf 91' lang='lat' dir='ltr'>quondam,</span> <span class='ocrx_word' id='word_1_175' title='bbox 903 2886 954 2967; x_wconf 91' lang='lat' dir='ltr'>qui</span> <span class='ocrx_word' id='word_1_176' title='bbox 983 2888 1073 2949; x_wconf 93' lang='lat' dir='ltr'>modo</span> 
     </span>
     <span class='ocr_line' id='line_1_25' title="bbox 185 2987 1106 3070; baseline 0.001 -20"><span class='ocrx_word' id='word_1_177' title='bbox 185 2989 217 3051; x_wconf 93' lang='lat' dir='ltr'>in</span> <span class='ocrx_word' id='word_1_178' title='bbox 239 2987 371 3070; x_wconf 80' lang='lat' dir='ltr'>gratiam</span> <span class='ocrx_word' id='word_1_179' title='bbox 393 2987 560 3062; x_wconf 87' lang='lat' dir='ltr'>redierant,</span> <span class='ocrx_word' id='word_1_180' title='bbox 583 2987 762 3050; x_wconf 84' lang='lat' dir='ltr'>adulatores</span> <span class='ocrx_word' id='word_1_181' title='bbox 785 3007 904 3069; x_wconf 89' lang='lat' dir='ltr'>quoque</span> <span class='ocrx_word' id='word_1_182' title='bbox 932 2989 996 3050; x_wconf 90' lang='lat' dir='ltr'>sive</span> <span class='ocrx_word' id='word_1_183' title='bbox 1019 3008 1075 3051; x_wconf 87' lang='lat' dir='ltr'>as·</span> <span class='ocrx_word' id='word_1_184' title='bbox 1104 3007 1106 3012; x_wconf 89' lang='lat'>·</span> 
     </span>
     <span class='ocr_line' id='line_1_26' title="bbox 134 3088 1075 3170; baseline 0.005 -22"><span class='ocrx_word' id='word_1_185' title='bbox 134 3094 169 3150; x_wconf 83' lang='grc'>25</span> <span class='ocrx_word' id='word_1_186' title='bbox 187 3097 380 3164; x_wconf 67' lang='lat' dir='ltr'>mutatores,</span> <span class='ocrx_word' id='word_1_187' title='bbox 413 3107 518 3151; x_wconf 85' lang='lat' dir='ltr'>omnes</span> <span class='ocrx_word' id='word_1_188' title='bbox 547 3088 636 3170; x_wconf 88' lang='lat' dir='ltr'>quasi</span> <span class='ocrx_word' id='word_1_189' title='bbox 657 3089 856 3154; x_wconf 90' lang='lat' dir='ltr'>lacrimantes</span> <span class='ocrx_word' id='word_1_190' title='bbox 885 3097 916 3150; x_wconf 90' lang='lat' dir='ltr'>et</span> <span class='ocrx_word' id='word_1_191' title='bbox 938 3089 1075 3153; x_wconf 89' lang='lat' dir='ltr'>dolorem</span> 
     </span>
     <span class='ocr_line' id='line_1_27' title="bbox 185 3190 1151 3271; baseline 0.001 -17"><span class='ocrx_word' id='word_1_192' title='bbox 185 3192 217 3255; x_wconf 91' lang='lat' dir='ltr'>in</span> <span class='ocrx_word' id='word_1_193' title='bbox 246 3190 326 3252; x_wconf 83' lang='lat' dir='ltr'>facie</span> <span class='ocrx_word' id='word_1_194' title='bbox 356 3190 394 3252; x_wconf 90' lang='lat' dir='ltr'>de</span> <span class='ocrx_word' id='word_1_195' title='bbox 418 3209 453 3251; x_wconf 90' lang='lat' dir='ltr'>eo</span> <span class='ocrx_word' id='word_1_196' title='bbox 487 3191 568 3271; x_wconf 92' lang='lat' dir='ltr'>quod</span> <span class='ocrx_word' id='word_1_197' title='bbox 597 3190 756 3253; x_wconf 85' lang='lat' dir='ltr'>acciderat</span> <span class='ocrx_word' id='word_1_198' title='bbox 784 3192 1002 3268; x_wconf 86' lang='lat' dir='ltr'>ostendentes,</span> <span class='ocrx_word' id='word_1_199' title='bbox 1038 3193 1076 3255; x_wconf 89' lang='lat' dir='ltr'>de</span> <span class='ocrx_word' id='word_1_200' title='bbox 1144 3211 1151 3226; x_wconf 88' lang='lat'><strong>·</strong></span> 
     </span>
     <span class='ocr_line' id='line_1_28' title="bbox 135 3289 1077 3371; baseline 0.004 -19"><span class='ocrx_word' id='word_1_201' title='bbox 135 3298 169 3352; x_wconf 77' lang='lat'>27</span> <span class='ocrx_word' id='word_1_202' title='bbox 188 3292 325 3356; x_wconf 85' lang='lat' dir='ltr'>vindicta</span> <span class='ocrx_word' id='word_1_203' title='bbox 345 3291 376 3354; x_wconf 91' lang='lat' dir='ltr'>in</span> <span class='ocrx_word' id='word_1_204' title='bbox 399 3289 569 3353; x_wconf 85' lang='lat' dir='ltr'>continenti</span> <span class='ocrx_word' id='word_1_205' title='bbox 591 3290 735 3354; x_wconf 86' lang='lat' dir='ltr'>facienda</span> <span class='ocrx_word' id='word_1_206' title='bbox 762 3299 794 3354; x_wconf 89' lang='lat' dir='ltr'>et</span> <span class='ocrx_word' id='word_1_207' title='bbox 816 3309 926 3371; x_wconf 81' lang='lat' dir='ltr'>guerra</span> <span class='ocrx_word' id='word_1_208' title='bbox 947 3293 1077 3356; x_wconf 88' lang='lat' dir='ltr'>viriliter</span> 
     </span>
     <span class='ocr_line' id='line_1_29' title="bbox 187 3391 1076 3476; baseline 0.001 -20"><span class='ocrx_word' id='word_1_209' title='bbox 187 3393 365 3476; x_wconf 81' lang='lat' dir='ltr'>peragenda</span> <span class='ocrx_word' id='word_1_210' title='bbox 398 3391 628 3467; x_wconf 90' lang='lat' dir='ltr'>consuluerunt,</span> <span class='ocrx_word' id='word_1_211' title='bbox 661 3392 790 3455; x_wconf 87' lang='lat' dir='ltr'>multum</span> <span class='ocrx_word' id='word_1_212' title='bbox 824 3394 1076 3458; x_wconf 87' lang='lat' dir='ltr'>commendantes</span> 
     </span>
     <span class='ocr_line' id='line_1_30' title="bbox 135 3493 1075 3577; baseline 0.002 -21"><span class='ocrx_word' id='word_1_213' title='bbox 135 3495 341 3558; x_wconf 75' lang='lat' dir='ltr'>29dominum</span> <span class='ocrx_word' id='word_1_214' title='bbox 373 3494 582 3556; x_wconf 90' lang='lat' dir='ltr'>Melibeum</span> <span class='ocrx_word' id='word_1_215' title='bbox 615 3493 743 3574; x_wconf 88' lang='lat' dir='ltr'>ejusque</span> <span class='ocrx_word' id='word_1_216' title='bbox 776 3495 948 3574; x_wconf 85' lang='lat' dir='ltr'>potentiam</span> <span class='ocrx_word' id='word_1_217' title='bbox 982 3503 1075 3577; x_wconf 89' lang='lat' dir='ltr'>atque</span> 
     </span>
     <span class='ocr_line' id='line_1_31' title="bbox 182 3595 1075 3678; baseline 0 -19"><span class='ocrx_word' id='word_1_218' title='bbox 182 3597 324 3671; x_wconf 85' lang='lat' dir='ltr'>divitias,</span> <span class='ocrx_word' id='word_1_219' title='bbox 358 3596 547 3658; x_wconf 87' lang='lat' dir='ltr'>numerando</span> <span class='ocrx_word' id='word_1_220' title='bbox 578 3595 670 3658; x_wconf 90' lang='lat' dir='ltr'>etiam</span> <span class='ocrx_word' id='word_1_221' title='bbox 694 3595 918 3658; x_wconf 90' lang='lat' dir='ltr'>multitudinem</span> <span class='ocrx_word' id='word_1_222' title='bbox 942 3604 1075 3678; x_wconf 80' lang='lat' dir='ltr'>agnato-</span> 
     </span>
    </p>
   </div>
   <div class='ocr_carea' id='block_1_3' title="bbox 187 3731 1078 4390">
    <p class='ocr_par' dir='ltr' id='par_1_3' title="bbox 187 3731 1078 4390">
     <span class='ocr_line' id='line_1_32' title="bbox 221 3731 1075 3796; baseline -0.006 -9"><span class='ocrx_word' id='word_1_223' title='bbox 221 3736 245 3787; x_wconf 98' lang='grc'><strong>3.</strong></span> <span class='ocrx_word' id='word_1_224' title='bbox 263 3733 362 3793; x_wconf 76' lang='lat' dir='ltr'>accidit]</span> <span class='ocrx_word' id='word_1_225' title='bbox 381 3737 462 3783; x_wconf 80' lang='lat' dir='ltr'>cessat</span> <span class='ocrx_word' id='word_1_226' title='bbox 476 3733 559 3781; x_wconf 80' lang='lat' dir='ltr'>hiatus</span> <span class='ocrx_word' id='word_1_227' title='bbox 572 3744 615 3781; x_wconf 88' lang='lat' dir='ltr'>co·</span> <span class='ocrx_word' id='word_1_228' title='bbox 650 3745 697 3782; x_wconf 86' lang='lat' dir='ltr'>orn.</span> <span class='ocrx_word' id='word_1_229' title='bbox 709 3731 736 3780; x_wconf 82' lang='lat' dir='ltr'>ll.</span> <span class='ocrx_word' id='word_1_230' title='bbox 764 3731 804 3784; x_wconf 84' lang='grc'><strong>18.</strong></span> <span class='ocrx_word' id='word_1_231' title='bbox 820 3733 971 3796; x_wconf 85' lang='lat' dir='ltr'>rcpromlsit]</span> <span class='ocrx_word' id='word_1_232' title='bbox 982 3733 1005 3781; x_wconf 89' lang='lat' dir='ltr'>D</span> <span class='ocrx_word' id='word_1_233' title='bbox 1013 3745 1075 3794; x_wconf 85' lang='lat' dir='ltr'>prc-</span> 
     </span>
     <span class='ocr_line' id='line_1_33' title="bbox 187 3816 1075 3880; baseline -0.002 -11"><span class='ocrx_word' id='word_1_234' title='bbox 187 3819 249 3870; x_wconf 83' lang='lat' dir='ltr'>dicis</span> <span class='ocrx_word' id='word_1_235' title='bbox 268 3818 297 3869; x_wconf 82' lang='lat' dir='ltr'>G.</span> <span class='ocrx_word' id='word_1_236' title='bbox 319 3820 344 3870; x_wconf 81' lang='lat'>4.</span> <span class='ocrx_word' id='word_1_237' title='bbox 361 3817 489 3877; x_wconf 84' lang='lat' dir='ltr'>utrinque]</span> <span class='ocrx_word' id='word_1_238' title='bbox 509 3816 532 3863; x_wconf 88' lang='lat' dir='ltr'>D</span> <span class='ocrx_word' id='word_1_239' title='bbox 548 3817 616 3864; x_wconf 76' lang='lat' dir='ltr'>ulri-</span> <span class='ocrx_word' id='word_1_240' title='bbox 650 3819 728 3868; x_wconf 59' lang='lat' dir='ltr'>matt.</span> <span class='ocrx_word' id='word_1_241' title='bbox 755 3818 792 3868; x_wconf 85' lang='lat'>19.</span> <span class='ocrx_word' id='word_1_242' title='bbox 810 3819 857 3878; x_wconf 88' lang='lat' dir='ltr'>sic]</span> <span class='ocrx_word' id='word_1_243' title='bbox 870 3831 917 3866; x_wconf 93' lang='lat' dir='ltr'>om.</span> <span class='ocrx_word' id='word_1_244' title='bbox 929 3818 957 3867; x_wconf 90' lang='lat' dir='ltr'>B.</span> <span class='ocrx_word' id='word_1_245' title='bbox 981 3818 1021 3869; x_wconf 98' lang='grc'><strong>20.</strong></span> <span class='ocrx_word' id='word_1_246' title='bbox 1040 3821 1075 3880; x_wconf 85' lang='lat' dir='ltr'>ct]</span> 
     </span>
     <span class='ocr_line' id='line_1_34' title="bbox 188 3900 1076 3967; baseline -0.002 -12"><span class='ocrx_word' id='word_1_247' title='bbox 188 3919 242 3967; x_wconf 81' lang='lat' dir='ltr'>quc.</span> <span class='ocrx_word' id='word_1_248' title='bbox 269 3904 293 3955; x_wconf 81' lang='lat'>8.</span> <span class='ocrx_word' id='word_1_249' title='bbox 310 3904 366 3964; x_wconf 89' lang='lat' dir='ltr'>tibi]</span> <span class='ocrx_word' id='word_1_250' title='bbox 386 3916 434 3951; x_wconf 92' lang='lat' dir='ltr'>om.</span> <span class='ocrx_word' id='word_1_251' title='bbox 453 3900 480 3950; x_wconf 84' lang='lat'>0.</span> <span class='ocrx_word' id='word_1_252' title='bbox 515 3901 538 3952; x_wconf 89' lang='grc'>9.</span> <span class='ocrx_word' id='word_1_253' title='bbox 557 3900 617 3951; x_wconf 89' lang='lat' dir='ltr'>dill·</span> <span class='ocrx_word' id='word_1_254' title='bbox 651 3915 698 3952; x_wconf 91' lang='lat' dir='ltr'>om.</span> <span class='ocrx_word' id='word_1_255' title='bbox 717 3903 748 3952; x_wconf 91' lang='lat' dir='ltr'>D.</span> <span class='ocrx_word' id='word_1_256' title='bbox 775 3903 814 3953; x_wconf 88' lang='grc'><strong>23.</strong></span> <span class='ocrx_word' id='word_1_257' title='bbox 832 3902 968 3966; x_wconf 78' lang='lat' dir='ltr'>quondam]</span> <span class='ocrx_word' id='word_1_258' title='bbox 987 3916 1035 3953; x_wconf 92' lang='lat' dir='ltr'>om.</span> <span class='ocrx_word' id='word_1_259' title='bbox 1047 3903 1076 3954; x_wconf 86' lang='grc' dir='ltr'><strong>Β.</strong></span> 
     </span>
     <span class='ocr_line' id='line_1_35' title="bbox 187 3984 1075 4050; baseline -0.002 -12"><span class='ocrx_word' id='word_1_260' title='bbox 187 3987 390 4050; x_wconf 65' lang='lat' dir='ltr'>genaenerae.</span> <span class='ocrx_word' id='word_1_261' title='bbox 422 3985 462 4037; x_wconf 93' lang='grc'><strong>10.</strong></span> <span class='ocrx_word' id='word_1_262' title='bbox 476 3987 556 4047; x_wconf 81' lang='lat' dir='ltr'>illins]</span> <span class='ocrx_word' id='word_1_263' title='bbox 576 3984 616 4035; x_wconf 81' lang='lat' dir='ltr'>GE</span> <span class='ocrx_word' id='word_1_264' title='bbox 651 3987 735 4046; x_wconf 88' lang='lat' dir='ltr'>modu]</span> <span class='ocrx_word' id='word_1_265' title='bbox 753 3987 777 4034; x_wconf 91' lang='lat' dir='ltr'>D</span> <span class='ocrx_word' id='word_1_266' title='bbox 793 3999 870 4035; x_wconf 78' lang='lat' dir='ltr'>nunc.</span> <span class='ocrx_word' id='word_1_267' title='bbox 909 3987 950 4038; x_wconf 79' lang='lat'>24.</span> <span class='ocrx_word' id='word_1_268' title='bbox 967 3990 1075 4049; x_wconf 83' lang='lat' dir='ltr'>quoquc]</span> 
     </span>
     <span class='ocr_line' id='line_1_36' title="bbox 187 4069 1077 4134; baseline -0.001 -12"><span class='ocrx_word' id='word_1_269' title='bbox 187 4075 247 4122; x_wconf 77' lang='lat' dir='ltr'>illle.</span> <span class='ocrx_word' id='word_1_270' title='bbox 287 4072 327 4120; x_wconf 91' lang='lat' dir='ltr'>dic</span> <span class='ocrx_word' id='word_1_271' title='bbox 350 4085 374 4120; x_wconf 92' lang='lat' dir='ltr'>n.</span> <span class='ocrx_word' id='word_1_272' title='bbox 397 4085 431 4134; x_wconf 88' lang='lat' dir='ltr'>p.,</span> <span class='ocrx_word' id='word_1_273' title='bbox 456 4073 490 4132; x_wconf 89' lang='lat' dir='ltr'>et]</span> <span class='ocrx_word' id='word_1_274' title='bbox 515 4083 564 4120; x_wconf 88' lang='lat' dir='ltr'>om.</span> <span class='ocrx_word' id='word_1_275' title='bbox 586 4069 615 4120; x_wconf 87' lang='lat' dir='ltr'>B.</span> <span class='ocrx_word' id='word_1_276' title='bbox 651 4070 884 4133; x_wconf 78' lang='lat' dir='ltr'>Gomacoqucquc.</span> <span class='ocrx_word' id='word_1_277' title='bbox 902 4071 1077 4133; x_wconf 73' lang='lat' dir='ltr'>25.omncs]A</span> 
     </span>
     <span class='ocr_line' id='line_1_37' title="bbox 190 4147 1078 4220; baseline -0.002 -13"><span class='ocrx_word' id='word_1_278' title='bbox 190 4157 229 4208; x_wconf 83' lang='grc'><strong>13.</strong></span> <span class='ocrx_word' id='word_1_279' title='bbox 251 4156 425 4220; x_wconf 79' lang='lat' dir='ltr'>perducemus]</span> <span class='ocrx_word' id='word_1_280' title='bbox 448 4147 467 4204; x_wconf 83' lang='grc'><strong>0</strong></span> <span class='ocrx_word' id='word_1_281' title='bbox 489 4152 615 4216; x_wconf 73' lang='lat' dir='ltr'>peducc-</span> <span class='ocrx_word' id='word_1_282' title='bbox 650 4168 791 4218; x_wconf 72' lang='lat' dir='ltr'>omnaque.</span> <span class='ocrx_word' id='word_1_283' title='bbox 817 4156 857 4208; x_wconf 89' lang='grc'><strong>29.</strong></span> <span class='ocrx_word' id='word_1_284' title='bbox 876 4158 989 4218; x_wconf 78' lang='lat' dir='ltr'>ejusque]</span> <span class='ocrx_word' id='word_1_285' title='bbox 1006 4156 1078 4206; x_wconf 85' lang='lat' dir='ltr'>(lut-</span> 
     </span>
     <span class='ocr_line' id='line_1_38' title="bbox 187 4239 1077 4306; baseline 0.006 -18"><span class='ocrx_word' id='word_1_286' title='bbox 187 4241 467 4301; x_wconf 57' lang='lat' dir='ltr'>manducaremus.</span> <span class='ocrx_word' id='word_1_287' title='bbox 498 4239 537 4289; x_wconf 82' lang='grc'><strong>13.</strong></span> <span class='ocrx_word' id='word_1_288' title='bbox 555 4252 616 4306; x_wconf 85' lang='lat' dir='ltr'>con·¹</span> <span class='ocrx_word' id='word_1_289' title='bbox 650 4254 697 4304; x_wconf 82' lang='lat' dir='ltr'>quc</span> <span class='ocrx_word' id='word_1_290' title='bbox 714 4243 775 4300; x_wconf 72' lang='lat' dir='ltr'>elur.</span> <span class='ocrx_word' id='word_1_291' title='bbox 816 4241 856 4292; x_wconf 88' lang='grc'><strong>30.</strong></span> <span class='ocrx_word' id='word_1_292' title='bbox 878 4243 1033 4303; x_wconf 71' lang='lat' dir='ltr'>agnatorum]</span> <span class='ocrx_word' id='word_1_293' title='bbox 1058 4241 1077 4293; x_wconf 83' lang='grc'><strong>0</strong></span> 
     </span>
     <span class='ocr_line' id='line_1_39' title="bbox 188 4323 1040 4390; baseline -0.006 -15"><span class='ocrx_word' id='word_1_294' title='bbox 188 4327 276 4389; x_wconf 80' lang='lat' dir='ltr'>sulpit]</span> <span class='ocrx_word' id='word_1_295' title='bbox 295 4324 315 4376; x_wconf 83' lang='grc'><strong>0</strong></span> <span class='ocrx_word' id='word_1_296' title='bbox 331 4325 448 4388; x_wconf 70' lang='lat' dir='ltr'>consulit.</span> <span class='ocrx_word' id='word_1_297' title='bbox 476 4323 516 4381; x_wconf 87' lang='grc'><strong>16.</strong></span> <span class='ocrx_word' id='word_1_298' title='bbox 533 4325 615 4384; x_wconf 83' lang='lat' dir='ltr'>verbs]</span> <span class='ocrx_word' id='word_1_299' title='bbox 651 4329 803 4390; x_wconf 75' lang='lat' dir='ltr'>aprretcnrm</span> <span class='ocrx_word' id='word_1_300' title='bbox 819 4327 929 4390; x_wconf 78' lang='lat' dir='ltr'>imuper.</span> <span class='ocrx_word' id='word_1_301' title='bbox 1039 4365 1040 4370; x_wconf 75' lang='grc'>,</span> 
     </span>
    </p>
   </div>
   <div class='ocr_carea' id='block_1_4' title="bbox 0 0 1667 5154">
    <p class='ocr_par' dir='ltr' id='par_1_4' title="bbox 0 0 1667 5154">
     <span class='ocr_line' id='line_1_40' title="bbox 0 0 1667 5154; baseline 0 0"><span class='ocrx_word' id='word_1_302' title='bbox 0 0 1667 5154; x_wconf 95' lang='lat' dir='ltr'> </span> 
     </span>
    </p>
   </div>
  </div>
 </body>
</html>
