<?xml version="1.0" encoding="UTF-8"?>
<!DOCTYPE html PUBLIC "-//W3C//DTD XHTML 1.0 Transitional//EN"
    "http://www.w3.org/TR/xhtml1/DTD/xhtml1-transitional.dtd">
<html xmlns="http://www.w3.org/1999/xhtml" xml:lang="en" lang="en">
 <head>
  <title>
</title>
<meta http-equiv="Content-Type" content="text/html;charset=utf-8" />
  <meta name='ocr-system' content='tesseract 3.04.00' />
  <meta name='ocr-capabilities' content='ocr_page ocr_carea ocr_par ocr_line ocrx_word'/>
</head>
<body>
  <div class='ocr_page' id='page_1' title='image "albertanibrixie00englgoog_0083.png"; bbox 0 0 3322 5154; ppageno 0'>
   <div class='ocr_carea' id='block_1_1' title="bbox 497 459 1109 518">
    <p class='ocr_par' dir='ltr' id='par_1_1' title="bbox 497 459 1109 518">
     <span class='ocr_line' id='line_1_1' title="bbox 497 459 1109 518; baseline -0.008 -6"><span class='ocrx_word' id='word_1_1' title='bbox 497 471 640 512; x_wconf 80' lang='lat' dir='ltr'>oonsrtro</span> <span class='ocrx_word' id='word_1_2' title='bbox 655 472 687 512; x_wconf 85' lang='lat' dir='ltr'>m</span> <span class='ocrx_word' id='word_1_3' title='bbox 701 469 832 512; x_wconf 76' lang='lat' dir='ltr'>aurern.</span> <span class='ocrx_word' id='word_1_4' title='bbox 1069 459 1109 518; x_wconf 83' lang='lat'>55</span> 
     </span>
    </p>
   </div>
   <div class='ocr_carea' id='block_1_2' title="bbox 182 624 1375 808">
    <p class='ocr_par' dir='ltr' id='par_1_2' title="bbox 182 624 1375 808">
     <span class='ocr_line' id='line_1_2' title="bbox 182 624 1375 732; baseline -0.003 -52"><span class='ocrx_word' id='word_1_5' title='bbox 182 629 291 690; x_wconf 83' lang='lat' dir='ltr'>linde</span> <span class='ocrx_word' id='word_1_6' title='bbox 326 629 418 690; x_wconf 89' lang='lat' dir='ltr'>etiam</span> <span class='ocrx_word' id='word_1_7' title='bbox 451 627 606 691; x_wconf 84' lang='lat' dir='ltr'>Seneca</span> <span class='ocrx_word' id='word_1_8' title='bbox 632 627 664 687; x_wconf 88' lang='lat' dir='ltr'>in</span> <span class='ocrx_word' id='word_1_9' title='bbox 691 625 843 711; x_wconf 78' lang='lat' dir='ltr'>Epistolis</span> <span class='ocrx_word' id='word_1_10' title='bbox 879 624 972 686; x_wconf 80' lang='lat' dir='ltr'><strong>dixit:</strong></span> <span class='ocrx_word' id='word_1_11' title='bbox 1018 627 1106 686; x_wconf 49' lang='grc' dir='ltr'>Ἥ,</span> <span class='ocrx_word' id='word_1_12' title='bbox 1126 643 1228 732; x_wconf 53' lang='lat' dir='ltr'>ffinffisv</span> <span class='ocrx_word' id='word_1_13' title='bbox 1246 641 1326 729; x_wconf 53' lang='lat' dir='ltr'>uteru..</span> <span class='ocrx_word' id='word_1_14' title='bbox 1371 635 1375 640; x_wconf 84' lang='grc'><em>·</em></span> 
     </span>
     <span class='ocr_line' id='line_1_3' title="bbox 216 697 1287 808; baseline -0.006 -16"><span class='ocrx_word' id='word_1_15' title='bbox 216 731 304 792; x_wconf 90' lang='lat' dir='ltr'>cilius</span> <span class='ocrx_word' id='word_1_16' title='bbox 329 738 379 791; x_wconf 86' lang='lat' dir='ltr'>est</span> <span class='ocrx_word' id='word_1_17' title='bbox 401 729 489 790; x_wconf 88' lang='lat' dir='ltr'>initia</span> <span class='ocrx_word' id='word_1_18' title='bbox 510 729 652 790; x_wconf 90' lang='lat' dir='ltr'>vitiorum</span> <span class='ocrx_word' id='word_1_19' title='bbox 670 728 833 808; x_wconf 89' lang='lat' dir='ltr'>prohibere</span> <span class='ocrx_word' id='word_1_20' title='bbox 850 746 939 807; x_wconf 91' lang='lat' dir='ltr'>quam</span> <span class='ocrx_word' id='word_1_21' title='bbox 959 726 1106 806; x_wconf 89' lang='lat' dir='ltr'>impetum</span> <span class='ocrx_word' id='word_1_22' title='bbox 1242 697 1253 740; x_wconf 70' lang='lat'>⁵</span> <span class='ocrx_word' id='word_1_23' title='bbox 1282 718 1287 731; x_wconf 81' lang='lat'>&#39;</span> 
     </span>
    </p>
   </div>
   <div class='ocr_carea' id='block_1_3' title="bbox 179 828 1327 932">
    <p class='ocr_par' dir='ltr' id='par_1_3' title="bbox 179 828 1327 932">
     <span class='ocr_line' id='line_1_4' title="bbox 179 828 1327 932; baseline 0.005 -49"><span class='ocrx_word' id='word_1_24' title='bbox 179 831 197 883; x_wconf 84' lang='lat'><strong>3</strong></span> <span class='ocrx_word' id='word_1_25' title='bbox 215 831 360 910; x_wconf 86' lang='lat' dir='ltr'>regere&#39;&#39;;</span> <span class='ocrx_word' id='word_1_26' title='bbox 385 839 417 891; x_wconf 90' lang='lat' dir='ltr'>et</span> <span class='ocrx_word' id='word_1_27' title='bbox 437 829 594 892; x_wconf 78' lang='lat' dir='ltr'>iterumt</span> <span class='ocrx_word' id='word_1_28' title='bbox 619 829 777 891; x_wconf 82' lang='lat' dir='ltr'>“Facilius</span> <span class='ocrx_word' id='word_1_29' title='bbox 791 837 840 889; x_wconf 91' lang='lat' dir='ltr'>est</span> <span class='ocrx_word' id='word_1_30' title='bbox 852 828 928 889; x_wconf 91' lang='lat' dir='ltr'>vitia</span> <span class='ocrx_word' id='word_1_31' title='bbox 940 829 1105 891; x_wconf 82' lang='lat' dir='ltr'>excludere</span> <span class='ocrx_word' id='word_1_32' title='bbox 1124 832 1265 932; x_wconf 57' lang='lat' dir='ltr'>{⁰¹3J03f,⁰⁶</span> <span class='ocrx_word' id='word_1_33' title='bbox 1286 833 1327 872; x_wconf 56' lang='grc' dir='ltr'>ΙΝ</span> 
     </span>
    </p>
   </div>
   <div class='ocr_carea' id='block_1_4' title="bbox 216 930 1304 1034">
    <p class='ocr_par' dir='ltr' id='par_1_4' title="bbox 216 930 1304 1034">
     <span class='ocr_line' id='line_1_5' title="bbox 216 930 1304 1034; baseline -0.002 -41"><span class='ocrx_word' id='word_1_34' title='bbox 216 952 306 1012; x_wconf 85' lang='lat' dir='ltr'>quem</span> <span class='ocrx_word' id='word_1_35' title='bbox 329 931 467 993; x_wconf 83' lang='lat' dir='ltr'>admissa</span> <span class='ocrx_word' id='word_1_36' title='bbox 490 930 730 1010; x_wconf 87' lang='lat' dir='ltr'>comprimere&#39;&#39;;</span> <span class='ocrx_word' id='word_1_37' title='bbox 755 930 867 993; x_wconf 87' lang='lat' dir='ltr'>“initia</span> <span class='ocrx_word' id='word_1_38' title='bbox 889 930 968 992; x_wconf 88' lang='lat' dir='ltr'>enim</span> <span class='ocrx_word' id='word_1_39' title='bbox 992 930 1020 992; x_wconf 91' lang='lat' dir='ltr'>in</span> <span class='ocrx_word' id='word_1_40' title='bbox 1044 951 1103 1010; x_wconf 91' lang='lat' dir='ltr'>po·</span> <span class='ocrx_word' id='word_1_41' title='bbox 1123 933 1304 1034; x_wconf 46' lang='lat' dir='ltr'>{52⁰⁰3lfir1&#39;tl·</span> 
     </span>
    </p>
   </div>
   <div class='ocr_carea' id='block_1_5' title="bbox 180 1032 1107 1212">
    <p class='ocr_par' dir='ltr' id='par_1_5' title="bbox 180 1032 1107 1212">
     <span class='ocr_line' id='line_1_6' title="bbox 180 1032 1104 1111; baseline -0.001 -17"><span class='ocrx_word' id='word_1_42' title='bbox 180 1033 331 1096; x_wconf 76' lang='lat' dir='ltr'>itestate</span> <span class='ocrx_word' id='word_1_43' title='bbox 356 1041 464 1094; x_wconf 89' lang='lat' dir='ltr'>nostra</span> <span class='ocrx_word' id='word_1_44' title='bbox 486 1041 573 1093; x_wconf 87' lang='lat' dir='ltr'>sunt:</span> <span class='ocrx_word' id='word_1_45' title='bbox 606 1032 643 1093; x_wconf 93' lang='lat' dir='ltr'>de</span> <span class='ocrx_word' id='word_1_46' title='bbox 667 1040 779 1093; x_wconf 90' lang='lat' dir='ltr'>eventu</span> <span class='ocrx_word' id='word_1_47' title='bbox 807 1033 932 1093; x_wconf 83' lang='lat' dir='ltr'>fortuna</span> <span class='ocrx_word' id='word_1_48' title='bbox 949 1032 1104 1111; x_wconf 87' lang='lat' dir='ltr'>judicat&#39;&#39;.</span> 
     </span>
     <span class='ocr_line' id='line_1_7' title="bbox 214 1133 1107 1212; baseline 0 -18"><span class='ocrx_word' id='word_1_49' title='bbox 214 1135 388 1196; x_wconf 85' lang='lat' dir='ltr'>Prudenter</span> <span class='ocrx_word' id='word_1_50' title='bbox 410 1153 482 1212; x_wconf 82' lang='lat' dir='ltr'>ergo</span> <span class='ocrx_word' id='word_1_51' title='bbox 512 1143 543 1194; x_wconf 91' lang='lat' dir='ltr'>et</span> <span class='ocrx_word' id='word_1_52' title='bbox 573 1152 641 1194; x_wconf 92' lang='lat' dir='ltr'>cum</span> <span class='ocrx_word' id='word_1_53' title='bbox 664 1152 776 1212; x_wconf 84' lang='lat' dir='ltr'>magne</span> <span class='ocrx_word' id='word_1_54' title='bbox 804 1133 952 1195; x_wconf 89' lang='lat' dir='ltr'>dilatione</span> <span class='ocrx_word' id='word_1_55' title='bbox 976 1133 1107 1195; x_wconf 88' lang='lat' dir='ltr'>consilia</span> 
     </span>
    </p>
   </div>
   <div class='ocr_carea' id='block_1_6' title="bbox 181 1234 1326 1330">
    <p class='ocr_par' dir='ltr' id='par_1_6' title="bbox 181 1234 1326 1330">
     <span class='ocr_line' id='line_1_8' title="bbox 181 1234 1326 1330; baseline -0.006 -32"><span class='ocrx_word' id='word_1_56' title='bbox 181 1236 196 1288; x_wconf 81' lang='grc'><strong>7</strong></span> <span class='ocrx_word' id='word_1_57' title='bbox 216 1234 418 1297; x_wconf 87' lang='lat' dir='ltr'>examinabis.</span> <span class='ocrx_word' id='word_1_58' title='bbox 454 1235 645 1296; x_wconf 90' lang='lat' dir='ltr'>“Prudentis</span> <span class='ocrx_word' id='word_1_59' title='bbox 670 1236 748 1296; x_wconf 89' lang='lat' dir='ltr'>enim</span> <span class='ocrx_word' id='word_1_60' title='bbox 773 1236 928 1316; x_wconf 91' lang='lat' dir='ltr'>proprium</span> <span class='ocrx_word' id='word_1_61' title='bbox 953 1243 1003 1297; x_wconf 87' lang='lat' dir='ltr'>est</span> <span class='ocrx_word' id='word_1_62' title='bbox 1025 1256 1103 1297; x_wconf 91' lang='lat' dir='ltr'>con·</span> <span class='ocrx_word' id='word_1_63' title='bbox 1123 1237 1326 1330; x_wconf 52' lang='lat' dir='ltr'>fflffiffiffi</span> 
     </span>
    </p>
   </div>
   <div class='ocr_carea' id='block_1_7' title="bbox 163 1336 1288 1717">
    <p class='ocr_par' dir='ltr' id='par_1_7' title="bbox 163 1336 1288 1717">
     <span class='ocr_line' id='line_1_9' title="bbox 215 1336 1288 1410; baseline 0.001 -12"><span class='ocrx_word' id='word_1_64' title='bbox 215 1337 285 1400; x_wconf 89' lang='lat' dir='ltr'>silia</span> <span class='ocrx_word' id='word_1_65' title='bbox 318 1336 511 1410; x_wconf 87' lang='lat' dir='ltr'>examinare,</span> <span class='ocrx_word' id='word_1_66' title='bbox 545 1356 601 1397; x_wconf 88' lang='lat' dir='ltr'>nec</span> <span class='ocrx_word' id='word_1_67' title='bbox 636 1336 698 1397; x_wconf 90' lang='lat' dir='ltr'>cito</span> <span class='ocrx_word' id='word_1_68' title='bbox 733 1336 916 1398; x_wconf 83' lang='lat' dir='ltr'>credulitate</span> <span class='ocrx_word' id='word_1_69' title='bbox 950 1337 991 1398; x_wconf 90' lang='lat' dir='ltr'>ad</span> <span class='ocrx_word' id='word_1_70' title='bbox 1024 1337 1106 1400; x_wconf 82' lang='lat' dir='ltr'>false</span> <span class='ocrx_word' id='word_1_71' title='bbox 1124 1341 1288 1391; x_wconf 55' lang='lat' dir='ltr'>Germ-¹·</span> 
     </span>
     <span class='ocr_line' id='line_1_10' title="bbox 179 1438 956 1521; baseline 0.009 -24"><span class='ocrx_word' id='word_1_72' title='bbox 179 1438 366 1521; x_wconf 86' lang='lat' dir='ltr'>9prolabi”.</span> <span class='ocrx_word' id='word_1_73' title='bbox 955 1499 956 1504; x_wconf 73' lang='grc'>,</span> 
     </span>
     <span class='ocr_line' id='line_1_11' title="bbox 297 1539 1105 1603; baseline 0.001 -3"><span class='ocrx_word' id='word_1_74' title='bbox 297 1539 333 1600; x_wconf 91' lang='lat' dir='ltr'>In</span> <span class='ocrx_word' id='word_1_75' title='bbox 357 1539 584 1601; x_wconf 82' lang='lat' dir='ltr'>examinatione</span> <span class='ocrx_word' id='word_1_76' title='bbox 608 1559 680 1602; x_wconf 91' lang='lat' dir='ltr'>vero</span> <span class='ocrx_word' id='word_1_77' title='bbox 707 1540 828 1602; x_wconf 91' lang='lat' dir='ltr'>consilii</span> <span class='ocrx_word' id='word_1_78' title='bbox 851 1541 935 1603; x_wconf 90' lang='lat' dir='ltr'>etin</span> <span class='ocrx_word' id='word_1_79' title='bbox 959 1541 1028 1602; x_wconf 89' lang='lat' dir='ltr'>aliis</span> <span class='ocrx_word' id='word_1_80' title='bbox 1052 1560 1105 1603; x_wconf 89' lang='lat' dir='ltr'>rc·</span> 
     </span>
     <span class='ocr_line' id='line_1_12' title="bbox 163 1639 1105 1717; baseline 0.006 -21"><span class='ocrx_word' id='word_1_81' title='bbox 163 1642 194 1697; x_wconf 88' lang='lat'>11</span> <span class='ocrx_word' id='word_1_82' title='bbox 213 1639 282 1715; x_wconf 89' lang='lat' dir='ltr'>bus,</span> <span class='ocrx_word' id='word_1_83' title='bbox 306 1640 475 1704; x_wconf 90' lang='lat' dir='ltr'>secundum</span> <span class='ocrx_word' id='word_1_84' title='bbox 497 1641 668 1704; x_wconf 91' lang='lat' dir='ltr'>Tullium</span> <span class='ocrx_word' id='word_1_85' title='bbox 690 1643 749 1704; x_wconf 89' lang='lat' dir='ltr'>hoc</span> <span class='ocrx_word' id='word_1_86' title='bbox 768 1642 991 1717; x_wconf 84' lang='lat' dir='ltr'>considerabis,</span> <span class='ocrx_word' id='word_1_87' title='bbox 1015 1642 1105 1703; x_wconf 88' lang='lat' dir='ltr'>vide·</span> 
     </span>
    </p>
   </div>
   <div class='ocr_carea' id='block_1_8' title="bbox 214 1743 1324 1842">
    <p class='ocr_par' dir='ltr' id='par_1_8' title="bbox 214 1743 1324 1842">
     <span class='ocr_line' id='line_1_13' title="bbox 214 1743 1324 1842; baseline -0.005 -38"><span class='ocrx_word' id='word_1_88' title='bbox 214 1743 289 1805; x_wconf 91' lang='lat' dir='ltr'>licet</span> <span class='ocrx_word' id='word_1_89' title='bbox 316 1743 413 1823; x_wconf 89' lang='lat' dir='ltr'>“quid</span> <span class='ocrx_word' id='word_1_90' title='bbox 435 1743 466 1803; x_wconf 92' lang='lat' dir='ltr'>in</span> <span class='ocrx_word' id='word_1_91' title='bbox 489 1762 671 1824; x_wconf 85' lang='lat' dir='ltr'>unaqueque</span> <span class='ocrx_word' id='word_1_92' title='bbox 699 1765 733 1806; x_wconf 89' lang='lat' dir='ltr'>re</span> <span class='ocrx_word' id='word_1_93' title='bbox 764 1764 867 1807; x_wconf 90' lang='lat' dir='ltr'>verum</span> <span class='ocrx_word' id='word_1_94' title='bbox 891 1745 1105 1824; x_wconf 90' lang='lat' dir='ltr'>sincerumque</span> <span class='ocrx_word' id='word_1_95' title='bbox 1124 1749 1324 1842; x_wconf 62' lang='lat' dir='ltr'>fl⁰⁹g⁰,ss⁶⁰sl¹⁰·</span> 
     </span>
    </p>
   </div>
   <div class='ocr_carea' id='block_1_9' title="bbox 163 1844 1104 2130">
    <p class='ocr_par' dir='ltr' id='par_1_9' title="bbox 163 1844 1104 2130">
     <span class='ocr_line' id='line_1_14' title="bbox 163 1844 1104 1928; baseline 0.006 -27"><span class='ocrx_word' id='word_1_96' title='bbox 163 1847 195 1901; x_wconf 87' lang='lat'>13</span> <span class='ocrx_word' id='word_1_97' title='bbox 214 1845 266 1920; x_wconf 88' lang='lat' dir='ltr'>sit,</span> <span class='ocrx_word' id='word_1_98' title='bbox 290 1844 363 1924; x_wconf 87' lang='lat' dir='ltr'>quid</span> <span class='ocrx_word' id='word_1_99' title='bbox 387 1853 629 1908; x_wconf 85' lang='lat' dir='ltr'>consentaneum</span> <span class='ocrx_word' id='word_1_100' title='bbox 654 1845 762 1928; x_wconf 88' lang='lat' dir='ltr'>cuique</span> <span class='ocrx_word' id='word_1_101' title='bbox 785 1847 830 1908; x_wconf 91' lang='lat' dir='ltr'>rei</span> <span class='ocrx_word' id='word_1_102' title='bbox 853 1846 905 1921; x_wconf 92' lang='lat' dir='ltr'>sit,</span> <span class='ocrx_word' id='word_1_103' title='bbox 930 1846 1004 1927; x_wconf 91' lang='lat' dir='ltr'>quid</span> <span class='ocrx_word' id='word_1_104' title='bbox 1026 1866 1104 1908; x_wconf 91' lang='lat' dir='ltr'>con·</span> 
     </span>
     <span class='ocr_line' id='line_1_15' title="bbox 214 1946 1104 2043; baseline -0.001 -34"><span class='ocrx_word' id='word_1_105' title='bbox 214 1966 359 2027; x_wconf 88' lang='lat' dir='ltr'>sequens,</span> <span class='ocrx_word' id='word_1_106' title='bbox 383 1946 544 2026; x_wconf 84' lang='lat' dir='ltr'>exquibus</span> <span class='ocrx_word' id='word_1_107' title='bbox 559 1967 686 2028; x_wconf 80' lang='lat' dir='ltr'>quaque</span> <span class='ocrx_word' id='word_1_108' title='bbox 707 1947 881 2026; x_wconf 81' lang='lat' dir='ltr'>gignantur,</span> <span class='ocrx_word' id='word_1_109' title='bbox 906 1967 973 2043; x_wconf 84' lang='lat' dir='ltr'>qua</span> <span class='ocrx_word' id='word_1_110' title='bbox 997 1949 1104 2027; x_wconf 86' lang='lat' dir='ltr'>cujus-</span> 
     </span>
     <span class='ocr_line' id='line_1_16' title="bbox 163 2048 556 2130; baseline 0.013 -25"><span class='ocrx_word' id='word_1_111' title='bbox 163 2051 196 2106; x_wconf 83' lang='grc'>15</span> <span class='ocrx_word' id='word_1_112' title='bbox 214 2069 272 2130; x_wconf 91' lang='lat' dir='ltr'>que</span> <span class='ocrx_word' id='word_1_113' title='bbox 295 2049 340 2110; x_wconf 94' lang='lat' dir='ltr'>rei</span> <span class='ocrx_word' id='word_1_114' title='bbox 363 2068 459 2110; x_wconf 89' lang='lat' dir='ltr'>causa</span> <span class='ocrx_word' id='word_1_115' title='bbox 481 2048 556 2110; x_wconf 87' lang='lat' dir='ltr'>sit&#39;&#39;.</span> 
     </span>
    </p>
   </div>
   <div class='ocr_carea' id='block_1_10' title="bbox 310 2143 1327 2244">
    <p class='ocr_par' dir='ltr' id='par_1_10' title="bbox 310 2143 1327 2244">
     <span class='ocr_line' id='line_1_17' title="bbox 310 2143 1327 2244; baseline -0.012 -31"><span class='ocrx_word' id='word_1_116' title='bbox 310 2154 393 2231; x_wconf 83' lang='lat' dir='ltr'>Quid</span> <span class='ocrx_word' id='word_1_117' title='bbox 424 2171 536 2214; x_wconf 85' lang='lat' dir='ltr'>oerum</span> <span class='ocrx_word' id='word_1_118' title='bbox 568 2158 619 2225; x_wconf 84' lang='lat' dir='ltr'>sit,</span> <span class='ocrx_word' id='word_1_119' title='bbox 653 2151 723 2212; x_wconf 90' lang='lat' dir='ltr'>ideo</span> <span class='ocrx_word' id='word_1_120' title='bbox 755 2151 909 2229; x_wconf 90' lang='lat' dir='ltr'>inspicere</span> <span class='ocrx_word' id='word_1_121' title='bbox 944 2150 1101 2224; x_wconf 89' lang='lat' dir='ltr'>debemus,</span> <span class='ocrx_word' id='word_1_122' title='bbox 1120 2143 1327 2244; x_wconf 42' lang='lat' dir='ltr'>fglffibffl</span> 
     </span>
    </p>
   </div>
   <div class='ocr_carea' id='block_1_11' title="bbox 159 2245 1327 2837">
    <p class='ocr_par' dir='ltr' id='par_1_11' title="bbox 161 2245 1327 2440">
     <span class='ocr_line' id='line_1_18' title="bbox 161 2245 1326 2336; baseline 0.001 -29"><span class='ocrx_word' id='word_1_123' title='bbox 161 2254 194 2308; x_wconf 80' lang='grc'>17</span> <span class='ocrx_word' id='word_1_124' title='bbox 213 2252 284 2332; x_wconf 91' lang='lat' dir='ltr'>quia</span> <span class='ocrx_word' id='word_1_125' title='bbox 307 2252 446 2314; x_wconf 88' lang='lat' dir='ltr'>“veritas</span> <span class='ocrx_word' id='word_1_126' title='bbox 470 2271 593 2331; x_wconf 87' lang='lat' dir='ltr'>semper</span> <span class='ocrx_word' id='word_1_127' title='bbox 615 2260 665 2313; x_wconf 88' lang='lat' dir='ltr'>est</span> <span class='ocrx_word' id='word_1_128' title='bbox 688 2252 829 2325; x_wconf 87' lang='lat' dir='ltr'>colenda,</span> <span class='ocrx_word' id='word_1_129' title='bbox 854 2270 921 2331; x_wconf 86' lang='lat' dir='ltr'>quae</span> <span class='ocrx_word' id='word_1_130' title='bbox 945 2249 1014 2312; x_wconf 91' lang='lat' dir='ltr'>sola</span> <span class='ocrx_word' id='word_1_131' title='bbox 1034 2251 1102 2311; x_wconf 93' lang='lat' dir='ltr'>Deo</span> <span class='ocrx_word' id='word_1_132' title='bbox 1120 2245 1326 2336; x_wconf 50' lang='grc' dir='ltr'>ᾖξ’θξῆζᾏχξῖξζζ</span> 
     </span>
     <span class='ocr_line' id='line_1_19' title="bbox 211 2348 1327 2440; baseline -0.004 -26"><span class='ocrx_word' id='word_1_133' title='bbox 211 2352 351 2414; x_wconf 88' lang='lat' dir='ltr'>homines</span> <span class='ocrx_word' id='word_1_134' title='bbox 369 2352 664 2440; x_wconf 50' lang='lat' dir='ltr'>proximosfacit&#39;ss</span> <span class='ocrx_word' id='word_1_135' title='bbox 696 2371 763 2414; x_wconf 91' lang='lat' dir='ltr'>cum</span> <span class='ocrx_word' id='word_1_136' title='bbox 786 2352 854 2432; x_wconf 86' lang='lat' dir='ltr'>ipse</span> <span class='ocrx_word' id='word_1_137' title='bbox 877 2353 964 2413; x_wconf 91' lang='lat' dir='ltr'>Deus</span> <span class='ocrx_word' id='word_1_138' title='bbox 986 2351 1103 2412; x_wconf 88' lang='lat' dir='ltr'>veritas</span> <span class='ocrx_word' id='word_1_139' title='bbox 1122 2349 1238 2438; x_wconf 43' lang='lat'>32:¹23&amp;</span> <span class='ocrx_word' id='word_1_140' title='bbox 1253 2348 1327 2436; x_wconf 50' lang='lat' dir='ltr'>,¹4¹5ss</span> 
     </span>
    </p>

    <p class='ocr_par' dir='ltr' id='par_1_12' title="bbox 161 2441 1326 2637">
     <span class='ocr_line' id='line_1_20' title="bbox 161 2441 1326 2549; baseline 0 -39"><span class='ocrx_word' id='word_1_141' title='bbox 161 2458 194 2511; x_wconf 85' lang='lat'>19</span> <span class='ocrx_word' id='word_1_142' title='bbox 212 2455 264 2528; x_wconf 90' lang='lat' dir='ltr'>sit,</span> <span class='ocrx_word' id='word_1_143' title='bbox 288 2454 356 2534; x_wconf 91' lang='lat' dir='ltr'>ipso</span> <span class='ocrx_word' id='word_1_144' title='bbox 379 2444 529 2528; x_wconf 86' lang='lat' dir='ltr'>testante,</span> <span class='ocrx_word' id='word_1_145' title='bbox 554 2454 604 2534; x_wconf 92' lang='lat' dir='ltr'>qui</span> <span class='ocrx_word' id='word_1_146' title='bbox 628 2454 689 2515; x_wconf 89' lang='lat' dir='ltr'>ait:</span> <span class='ocrx_word' id='word_1_147' title='bbox 715 2441 805 2533; x_wconf 79' lang='lat' dir='ltr'>“Ego</span> <span class='ocrx_word' id='word_1_148' title='bbox 829 2473 896 2514; x_wconf 94' lang='lat' dir='ltr'>sum</span> <span class='ocrx_word' id='word_1_149' title='bbox 918 2452 970 2516; x_wconf 89' lang='lat' dir='ltr'>via</span> <span class='ocrx_word' id='word_1_150' title='bbox 993 2459 1025 2514; x_wconf 85' lang='lat' dir='ltr'>et</span> <span class='ocrx_word' id='word_1_151' title='bbox 1045 2471 1102 2512; x_wconf 91' lang='lat' dir='ltr'>ve·</span> <span class='ocrx_word' id='word_1_152' title='bbox 1124 2454 1223 2549; x_wconf 39' lang='lat' dir='ltr'>,Egi-,2⁶32</span> <span class='ocrx_word' id='word_1_153' title='bbox 1238 2448 1326 2488; x_wconf 56' lang='grc' dir='ltr'>Μ·</span> 
     </span>
     <span class='ocr_line' id='line_1_21' title="bbox 212 2553 1103 2637; baseline -0.002 -21"><span class='ocrx_word' id='word_1_154' title='bbox 212 2556 288 2617; x_wconf 88' lang='lat' dir='ltr'>ritas</span> <span class='ocrx_word' id='word_1_155' title='bbox 312 2563 344 2616; x_wconf 93' lang='lat' dir='ltr'>et</span> <span class='ocrx_word' id='word_1_156' title='bbox 365 2554 462 2618; x_wconf 85' lang='lat' dir='ltr'>vita&#39;&#39;.</span> <span class='ocrx_word' id='word_1_157' title='bbox 515 2553 606 2624; x_wconf 78' lang='lat' dir='ltr'>Quod</span> <span class='ocrx_word' id='word_1_158' title='bbox 629 2562 731 2617; x_wconf 86' lang='lat' dir='ltr'>autem</span> <span class='ocrx_word' id='word_1_159' title='bbox 754 2557 872 2637; x_wconf 87' lang='lat' dir='ltr'>adjecit</span> <span class='ocrx_word' id='word_1_160' title='bbox 893 2553 1011 2616; x_wconf 91' lang='lat' dir='ltr'>Tullius</span> <span class='ocrx_word' id='word_1_161' title='bbox 1034 2560 1103 2614; x_wconf 83' lang='lat' dir='ltr'>ciu-</span> 
     </span>
    </p>

    <p class='ocr_par' dir='ltr' id='par_1_13' title="bbox 159 2655 1105 2837">
     <span class='ocr_line' id='line_1_22' title="bbox 159 2655 1105 2736; baseline -0.007 -16"><span class='ocrx_word' id='word_1_162' title='bbox 159 2660 193 2714; x_wconf 77' lang='lat'>21</span> <span class='ocrx_word' id='word_1_163' title='bbox 212 2678 385 2734; x_wconf 71' lang='lat' dir='ltr'>cernatque,</span> <span class='ocrx_word' id='word_1_164' title='bbox 409 2657 467 2718; x_wconf 91' lang='lat' dir='ltr'>hoc</span> <span class='ocrx_word' id='word_1_165' title='bbox 490 2656 560 2717; x_wconf 90' lang='lat' dir='ltr'>ideo</span> <span class='ocrx_word' id='word_1_166' title='bbox 584 2655 685 2730; x_wconf 85' lang='lat' dir='ltr'>dixit,</span> <span class='ocrx_word' id='word_1_167' title='bbox 719 2657 791 2736; x_wconf 86' lang='lat' dir='ltr'>quia</span> <span class='ocrx_word' id='word_1_168' title='bbox 821 2657 944 2718; x_wconf 88' lang='lat' dir='ltr'>sincera</span> <span class='ocrx_word' id='word_1_169' title='bbox 974 2664 1005 2716; x_wconf 93' lang='lat' dir='ltr'>et</span> <span class='ocrx_word' id='word_1_170' title='bbox 1027 2673 1105 2734; x_wconf 91' lang='lat' dir='ltr'>pura</span> 
     </span>
     <span class='ocr_line' id='line_1_23' title="bbox 211 2755 1104 2837; baseline -0.003 -19"><span class='ocrx_word' id='word_1_171' title='bbox 211 2758 328 2820; x_wconf 89' lang='lat' dir='ltr'>veritas</span> <span class='ocrx_word' id='word_1_172' title='bbox 357 2756 531 2837; x_wconf 88' lang='lat' dir='ltr'>spectanda</span> <span class='ocrx_word' id='word_1_173' title='bbox 561 2764 625 2830; x_wconf 89' lang='lat' dir='ltr'>est,</span> <span class='ocrx_word' id='word_1_174' title='bbox 660 2757 820 2819; x_wconf 89' lang='lat' dir='ltr'>mendacio</span> <span class='ocrx_word' id='word_1_175' title='bbox 849 2757 957 2820; x_wconf 88' lang='lat' dir='ltr'>doloso</span> <span class='ocrx_word' id='word_1_176' title='bbox 981 2755 1104 2835; x_wconf 89' lang='lat' dir='ltr'>penitus</span> 
     </span>
    </p>
   </div>
   <div class='ocr_carea' id='block_1_12' title="bbox 161 2854 1323 2953">
    <p class='ocr_par' dir='ltr' id='par_1_14' title="bbox 161 2854 1323 2953">
     <span class='ocr_line' id='line_1_24' title="bbox 161 2854 1323 2953; baseline -0.004 -37"><span class='ocrx_word' id='word_1_177' title='bbox 161 2860 330 2938; x_wconf 72' lang='lat' dir='ltr'>refugare.</span> <span class='ocrx_word' id='word_1_178' title='bbox 386 2856 490 2927; x_wconf 80' lang='lat' dir='ltr'>Quare</span> <span class='ocrx_word' id='word_1_179' title='bbox 526 2857 605 2918; x_wconf 90' lang='lat' dir='ltr'>dixit</span> <span class='ocrx_word' id='word_1_180' title='bbox 633 2856 919 2921; x_wconf 86' lang='lat' dir='ltr'>Cassiodorus:</span> <span class='ocrx_word' id='word_1_181' title='bbox 961 2858 1104 2918; x_wconf 88' lang='lat' dir='ltr'>“Bonum</span> <span class='ocrx_word' id='word_1_182' title='bbox 1124 2854 1323 2953; x_wconf 47' lang='grc' dir='ltr'>ξξῗξῗᾱῦζᾞξῖ·</span> 
     </span>
    </p>
   </div>
   <div class='ocr_carea' id='block_1_13' title="bbox 212 3039 1106 3864">
    <p class='ocr_par' dir='ltr' id='par_1_15' title="bbox 212 3039 1106 3778">
     <span class='ocr_line' id='line_1_25' title="bbox 246 3039 1104 3103; baseline -0.005 -12"><span class='ocrx_word' id='word_1_183' title='bbox 246 3047 268 3094; x_wconf 86' lang='grc'>3.</span> <span class='ocrx_word' id='word_1_184' title='bbox 291 3045 382 3103; x_wconf 79' lang='lat' dir='ltr'>regere]</span> <span class='ocrx_word' id='word_1_185' title='bbox 395 3043 437 3090; x_wconf 89' lang='lat' dir='ltr'>BD</span> <span class='ocrx_word' id='word_1_186' title='bbox 447 3057 535 3103; x_wconf 69' lang='lat' dir='ltr'>cerere.</span> <span class='ocrx_word' id='word_1_187' title='bbox 554 3043 577 3092; x_wconf 81' lang='lat' dir='ltr'>d.</span> <span class='ocrx_word' id='word_1_188' title='bbox 597 3043 642 3090; x_wconf 83' lang='lat' dir='ltr'>ed·</span> <span class='ocrx_word' id='word_1_189' title='bbox 676 3057 750 3091; x_wconf 72' lang='lat' dir='ltr'>cause</span> <span class='ocrx_word' id='word_1_190' title='bbox 767 3045 811 3103; x_wconf 90' lang='lat' dir='ltr'>sit]</span> <span class='ocrx_word' id='word_1_191' title='bbox 826 3056 872 3090; x_wconf 91' lang='lat' dir='ltr'>om.</span> <span class='ocrx_word' id='word_1_192' title='bbox 887 3043 914 3090; x_wconf 88' lang='grc' dir='ltr'>Β.</span> <span class='ocrx_word' id='word_1_193' title='bbox 935 3043 973 3093; x_wconf 80' lang='grc'>17.</span> <span class='ocrx_word' id='word_1_194' title='bbox 991 3039 1104 3100; x_wconf 84' lang='lat' dir='ltr'>colende]</span> 
     </span>
     <span class='ocr_line' id='line_1_26' title="bbox 212 3124 1105 3188; baseline -0.002 -13"><span class='ocrx_word' id='word_1_195' title='bbox 212 3129 299 3188; x_wconf 83' lang='lat' dir='ltr'>missa]</span> <span class='ocrx_word' id='word_1_196' title='bbox 322 3127 344 3174; x_wconf 98' lang='lat' dir='ltr'>D</span> <span class='ocrx_word' id='word_1_197' title='bbox 368 3128 471 3174; x_wconf 79' lang='lat' dir='ltr'>amireo.</span> <span class='ocrx_word' id='word_1_198' title='bbox 513 3129 596 3186; x_wconf 85' lang='lat' dir='ltr'>initia]</span> <span class='ocrx_word' id='word_1_199' title='bbox 620 3127 642 3174; x_wconf 96' lang='lat' dir='ltr'>D</span> <span class='ocrx_word' id='word_1_200' title='bbox 678 3127 696 3176; x_wconf 83' lang='lat' dir='ltr'><strong>G</strong></span> <span class='ocrx_word' id='word_1_201' title='bbox 724 3127 842 3176; x_wconf 81' lang='lat' dir='ltr'>tollendo.</span> <span class='ocrx_word' id='word_1_202' title='bbox 896 3126 934 3176; x_wconf 82' lang='lat'>18.</span> <span class='ocrx_word' id='word_1_203' title='bbox 962 3127 1061 3186; x_wconf 79' lang='lat' dir='ltr'>veritus]</span> <span class='ocrx_word' id='word_1_204' title='bbox 1087 3124 1105 3173; x_wconf 82' lang='lat'>0</span> 
     </span>
     <span class='ocr_line' id='line_1_27' title="bbox 213 3203 1106 3274; baseline -0.002 -16"><span class='ocrx_word' id='word_1_205' title='bbox 213 3212 287 3260; x_wconf 79' lang='lat' dir='ltr'>vitiu.</span> <span class='ocrx_word' id='word_1_206' title='bbox 307 3213 330 3259; x_wconf 83' lang='lat'>5.</span> <span class='ocrx_word' id='word_1_207' title='bbox 341 3211 418 3270; x_wconf 86' lang='lat' dir='ltr'>de]D</span> <span class='ocrx_word' id='word_1_208' title='bbox 437 3211 515 3258; x_wconf 86' lang='lat' dir='ltr'>etde.</span> <span class='ocrx_word' id='word_1_209' title='bbox 534 3211 557 3259; x_wconf 88' lang='grc'>6.</span> <span class='ocrx_word' id='word_1_210' title='bbox 577 3203 649 3259; x_wconf 86' lang='lat' dir='ltr'>dila·¹</span> <span class='ocrx_word' id='word_1_211' title='bbox 675 3209 765 3274; x_wconf 80' lang='lat' dir='ltr'>verl(?)</span> <span class='ocrx_word' id='word_1_212' title='bbox 784 3214 847 3258; x_wconf 85' lang='lat' dir='ltr'>vitu.</span> <span class='ocrx_word' id='word_1_213' title='bbox 869 3211 975 3261; x_wconf 82' lang='lat'>19-20.</span> <span class='ocrx_word' id='word_1_214' title='bbox 993 3213 1049 3272; x_wconf 83' lang='lat' dir='ltr'>ipso</span> <span class='ocrx_word' id='word_1_215' title='bbox 1067 3216 1106 3256; x_wconf 90' lang='lat' dir='ltr'>te·</span> 
     </span>
     <span class='ocr_line' id='line_1_28' title="bbox 212 3293 1105 3355; baseline -0.001 -13"><span class='ocrx_word' id='word_1_216' title='bbox 212 3297 291 3354; x_wconf 90' lang='lat' dir='ltr'>tloue]</span> <span class='ocrx_word' id='word_1_217' title='bbox 311 3294 330 3341; x_wconf 89' lang='lat' dir='ltr'>B</span> <span class='ocrx_word' id='word_1_218' title='bbox 348 3295 505 3344; x_wconf 73' lang='lat' dir='ltr'>discretione.</span> <span class='ocrx_word' id='word_1_219' title='bbox 541 3297 564 3344; x_wconf 76' lang='lat'>7.</span> <span class='ocrx_word' id='word_1_220' title='bbox 582 3310 641 3343; x_wconf 82' lang='lat' dir='ltr'>exa·</span> <span class='ocrx_word' id='word_1_221' title='bbox 676 3302 757 3344; x_wconf 81' lang='lat' dir='ltr'>stante</span> <span class='ocrx_word' id='word_1_222' title='bbox 784 3323 816 3332; x_wconf 95' lang='lat'><em>-</em></span> <span class='ocrx_word' id='word_1_223' title='bbox 849 3302 873 3343; x_wconf 88' lang='lat' dir='ltr'>et</span> <span class='ocrx_word' id='word_1_224' title='bbox 904 3297 964 3355; x_wconf 87' lang='lat' dir='ltr'>vite]</span> <span class='ocrx_word' id='word_1_225' title='bbox 1000 3308 1048 3342; x_wconf 92' lang='lat' dir='ltr'>om.</span> <span class='ocrx_word' id='word_1_226' title='bbox 1077 3293 1105 3342; x_wconf 82' lang='lat' dir='ltr'>D.</span> 
     </span>
     <span class='ocr_line' id='line_1_29' title="bbox 213 3378 1105 3439; baseline -0.002 -12"><span class='ocrx_word' id='word_1_227' title='bbox 213 3380 329 3438; x_wconf 81' lang='lat' dir='ltr'>minabis]</span> <span class='ocrx_word' id='word_1_228' title='bbox 350 3378 557 3428; x_wconf 80' lang='lat' dir='ltr'>Decumlucndo</span> <span class='ocrx_word' id='word_1_229' title='bbox 574 3385 640 3430; x_wconf 83' lang='lat' dir='ltr'>eunt.</span> <span class='ocrx_word' id='word_1_230' title='bbox 678 3380 716 3430; x_wconf 79' lang='lat' dir='ltr'>to.</span> <span class='ocrx_word' id='word_1_231' title='bbox 735 3382 774 3428; x_wconf 85' lang='lat' dir='ltr'>vie</span> <span class='ocrx_word' id='word_1_232' title='bbox 792 3379 856 3439; x_wconf 70' lang='lat' dir='ltr'>eun</span> <span class='ocrx_word' id='word_1_233' title='bbox 877 3392 924 3426; x_wconf 89' lang='lat' dir='ltr'>om.</span> <span class='ocrx_word' id='word_1_234' title='bbox 942 3384 972 3427; x_wconf 86' lang='lat' dir='ltr'>et.</span> <span class='ocrx_word' id='word_1_235' title='bbox 993 3380 1033 3428; x_wconf 73' lang='grc'>10.</span> <span class='ocrx_word' id='word_1_236' title='bbox 1051 3380 1105 3426; x_wconf 85' lang='lat' dir='ltr'>sin·</span> 
     </span>
     <span class='ocr_line' id='line_1_30' title="bbox 214 3462 1106 3533; baseline -0.006 -19"><span class='ocrx_word' id='word_1_237' title='bbox 214 3464 236 3514; x_wconf 82' lang='grc'>8.</span> <span class='ocrx_word' id='word_1_238' title='bbox 256 3465 317 3523; x_wconf 91' lang='lat' dir='ltr'>cito]</span> <span class='ocrx_word' id='word_1_239' title='bbox 336 3464 355 3510; x_wconf 92' lang='lat' dir='ltr'>B</span> <span class='ocrx_word' id='word_1_240' title='bbox 374 3465 461 3511; x_wconf 81' lang='lat' dir='ltr'>occlto.</span> <span class='ocrx_word' id='word_1_241' title='bbox 485 3464 640 3522; x_wconf 86' lang='lat' dir='ltr'>credulitate]</span> <span class='ocrx_word' id='word_1_242' title='bbox 676 3466 817 3533; x_wconf 86' lang='lat' dir='ltr'>uerumque]</span> <span class='ocrx_word' id='word_1_243' title='bbox 845 3467 867 3512; x_wconf 83' lang='grc' dir='ltr'><strong>Α</strong></span> <span class='ocrx_word' id='word_1_244' title='bbox 892 3466 1019 3512; x_wconf 76' lang='lat' dir='ltr'>sincerum</span> <span class='ocrx_word' id='word_1_245' title='bbox 1044 3462 1106 3524; x_wconf 81' lang='lat' dir='ltr'>quid</span> 
     </span>
     <span class='ocr_line' id='line_1_31' title="bbox 213 3547 1105 3608; baseline -0.001 -11"><span class='ocrx_word' id='word_1_246' title='bbox 213 3549 399 3597; x_wconf 84' lang='lat' dir='ltr'>Dcrudelilate.</span> <span class='ocrx_word' id='word_1_247' title='bbox 416 3547 458 3600; x_wconf 69' lang='lat'>43.</span> <span class='ocrx_word' id='word_1_248' title='bbox 477 3549 640 3607; x_wconf 86' lang='lat' dir='ltr'>consequeus]</span> <span class='ocrx_word' id='word_1_249' title='bbox 676 3551 716 3596; x_wconf 82' lang='lat' dir='ltr'>eil.</span> <span class='ocrx_word' id='word_1_250' title='bbox 741 3549 780 3599; x_wconf 82' lang='lat' dir='ltr'>tt.</span> <span class='ocrx_word' id='word_1_251' title='bbox 800 3550 855 3608; x_wconf 88' lang='lat' dir='ltr'>hoc]</span> <span class='ocrx_word' id='word_1_252' title='bbox 875 3562 922 3596; x_wconf 92' lang='lat' dir='ltr'>om.</span> <span class='ocrx_word' id='word_1_253' title='bbox 941 3548 968 3597; x_wconf 91' lang='lat' dir='ltr'>B.</span> <span class='ocrx_word' id='word_1_254' title='bbox 989 3548 1063 3608; x_wconf 86' lang='lat' dir='ltr'>dixit]</span> <span class='ocrx_word' id='word_1_255' title='bbox 1083 3548 1105 3596; x_wconf 87' lang='lat' dir='ltr'>D</span> 
     </span>
     <span class='ocr_line' id='line_1_32' title="bbox 214 3632 1105 3693; baseline -0.002 -12"><span class='ocrx_word' id='word_1_256' title='bbox 214 3634 235 3681; x_wconf 88' lang='lat' dir='ltr'>D</span> <span class='ocrx_word' id='word_1_257' title='bbox 262 3634 429 3693; x_wconf 79' lang='lat' dir='ltr'>consequerio.</span> <span class='ocrx_word' id='word_1_258' title='bbox 485 3633 522 3681; x_wconf 83' lang='lat' dir='ltr'>ll.</span> <span class='ocrx_word' id='word_1_259' title='bbox 551 3634 641 3693; x_wconf 89' lang='lat' dir='ltr'>qulbus</span> <span class='ocrx_word' id='word_1_260' title='bbox 677 3633 740 3680; x_wconf 81' lang='lat' dir='ltr'>dici.</span> <span class='ocrx_word' id='word_1_261' title='bbox 764 3633 804 3682; x_wconf 74' lang='lat'>22.</span> <span class='ocrx_word' id='word_1_262' title='bbox 823 3633 870 3692; x_wconf 89' lang='lat' dir='ltr'>est]</span> <span class='ocrx_word' id='word_1_263' title='bbox 891 3645 937 3680; x_wconf 91' lang='lat' dir='ltr'>om.</span> <span class='ocrx_word' id='word_1_264' title='bbox 958 3632 985 3678; x_wconf 87' lang='lat' dir='ltr'>ll.</span> <span class='ocrx_word' id='word_1_265' title='bbox 1005 3633 1035 3681; x_wconf 69' lang='lat'>23</span> <span class='ocrx_word' id='word_1_266' title='bbox 1064 3633 1105 3679; x_wconf 83' lang='lat' dir='ltr'>fu·</span> 
     </span>
     <span class='ocr_line' id='line_1_33' title="bbox 212 3715 905 3778; baseline 0.001 -15"><span class='ocrx_word' id='word_1_267' title='bbox 212 3719 324 3778; x_wconf 76' lang='lat' dir='ltr'>queque]</span> <span class='ocrx_word' id='word_1_268' title='bbox 352 3717 373 3764; x_wconf 95' lang='lat' dir='ltr'>D</span> <span class='ocrx_word' id='word_1_269' title='bbox 400 3715 545 3778; x_wconf 77' lang='lat' dir='ltr'>quibusque.</span> <span class='ocrx_word' id='word_1_270' title='bbox 576 3717 639 3766; x_wconf 82' lang='lat' dir='ltr'>to-</span> <span class='ocrx_word' id='word_1_271' title='bbox 675 3719 743 3777; x_wconf 77' lang='lat' dir='ltr'>gato]</span> <span class='ocrx_word' id='word_1_272' title='bbox 764 3717 905 3778; x_wconf 73' lang='lat' dir='ltr'>Asuyutie.</span> 
     </span>
    </p>

    <p class='ocr_par' dir='ltr' id='par_1_16' title="bbox 215 3802 641 3864">
     <span class='ocr_line' id='line_1_34' title="bbox 215 3802 641 3864; baseline -0.009 -12"><span class='ocrx_word' id='word_1_273' title='bbox 215 3803 254 3852; x_wconf 80' lang='grc'>15.</span> <span class='ocrx_word' id='word_1_274' title='bbox 289 3802 349 3864; x_wconf 87' lang='lat' dir='ltr'>quid</span> <span class='ocrx_word' id='word_1_275' title='bbox 384 3807 578 3849; x_wconf 84' lang='lat' dir='ltr'>consentaneum</span> <span class='ocrx_word' id='word_1_276' title='bbox 610 3828 641 3838; x_wconf 96' lang='lat'><em>-</em></span> 
     </span>
    </p>
   </div>
   <div class='ocr_carea' id='block_1_14' title="bbox 212 3950 1107 4181">
    <p class='ocr_par' dir='ltr' id='par_1_17' title="bbox 212 3950 1107 4181">
     <span class='ocr_line' id='line_1_35' title="bbox 281 3950 1106 4016; baseline 0 -16"><span class='ocrx_word' id='word_1_277' title='bbox 281 3950 296 3983; x_wconf 85' lang='lat'><strong>*</strong></span> <span class='ocrx_word' id='word_1_278' title='bbox 316 3952 447 4002; x_wconf 83' lang='lat' dir='ltr'>Seneca:</span> <span class='ocrx_word' id='word_1_279' title='bbox 467 3953 590 4002; x_wconf 78' lang='lat' dir='ltr'>“Facilius</span> <span class='ocrx_word' id='word_1_280' title='bbox 615 3959 653 4002; x_wconf 84' lang='lat' dir='ltr'>est</span> <span class='ocrx_word' id='word_1_281' title='bbox 670 3955 799 4003; x_wconf 84' lang='lat' dir='ltr'>excludere</span> <span class='ocrx_word' id='word_1_282' title='bbox 818 3953 958 4016; x_wconf 83' lang='lat' dir='ltr'>perniciose</span> <span class='ocrx_word' id='word_1_283' title='bbox 975 3965 1047 4011; x_wconf 84' lang='lat' dir='ltr'>quem</span> <span class='ocrx_word' id='word_1_284' title='bbox 1066 3967 1106 4000; x_wconf 85' lang='lat' dir='ltr'>re-</span> 
     </span>
     <span class='ocr_line' id='line_1_36' title="bbox 212 4028 1106 4098; baseline -0.002 -12"><span class='ocrx_word' id='word_1_285' title='bbox 212 4052 276 4098; x_wconf 74' lang='lat' dir='ltr'>gere,</span> <span class='ocrx_word' id='word_1_286' title='bbox 294 4043 318 4085; x_wconf 90' lang='lat' dir='ltr'>et</span> <span class='ocrx_word' id='word_1_287' title='bbox 335 4049 386 4085; x_wconf 89' lang='lat' dir='ltr'>non</span> <span class='ocrx_word' id='word_1_288' title='bbox 404 4039 532 4086; x_wconf 81' lang='lat' dir='ltr'>admittere</span> <span class='ocrx_word' id='word_1_289' title='bbox 549 4051 620 4097; x_wconf 86' lang='lat' dir='ltr'>quem</span> <span class='ocrx_word' id='word_1_290' title='bbox 639 4039 746 4089; x_wconf 78' lang='lat' dir='ltr'>admisse</span> <span class='ocrx_word' id='word_1_291' title='bbox 763 4028 905 4086; x_wconf 77' lang='lat' dir='ltr'>modereri’.</span> <span class='ocrx_word' id='word_1_292' title='bbox 950 4032 983 4067; x_wconf 89' lang='grc'>**</span> <span class='ocrx_word' id='word_1_293' title='bbox 1002 4037 1027 4088; x_wconf 79' lang='lat' dir='ltr'>S·</span> <span class='ocrx_word' id='word_1_294' title='bbox 1046 4037 1106 4084; x_wconf 85' lang='lat' dir='ltr'>Hie·</span> 
     </span>
     <span class='ocr_line' id='line_1_37' title="bbox 213 4121 1107 4181; baseline 0 -11"><span class='ocrx_word' id='word_1_295' title='bbox 213 4124 309 4180; x_wconf 84' lang='lat' dir='ltr'>ronymi</span> <span class='ocrx_word' id='word_1_296' title='bbox 329 4122 409 4181; x_wconf 76' lang='lat' dir='ltr'>Opera</span> <span class='ocrx_word' id='word_1_297' title='bbox 427 4123 511 4171; x_wconf 80' lang='lat' dir='ltr'>studio</span> <span class='ocrx_word' id='word_1_298' title='bbox 530 4137 557 4171; x_wconf 83' lang='lat' dir='ltr'>ec</span> <span class='ocrx_word' id='word_1_299' title='bbox 580 4124 662 4172; x_wconf 83' lang='lat' dir='ltr'>lebore</span> <span class='ocrx_word' id='word_1_300' title='bbox 679 4123 710 4171; x_wconf 93' lang='lat' dir='ltr'>D.</span> <span class='ocrx_word' id='word_1_301' title='bbox 728 4123 848 4171; x_wconf 86' lang='lat' dir='ltr'>Joheunls</span> <span class='ocrx_word' id='word_1_302' title='bbox 867 4121 1107 4180; x_wconf 59' lang='lat' dir='ltr'>iterumiterum</span> 
     </span>
    </p>
   </div>
   <div class='ocr_carea' id='block_1_15' title="bbox 189 4205 1107 4355">
    <p class='ocr_par' dir='ltr' id='par_1_18' title="bbox 189 4205 1107 4355">
     <span class='ocr_line' id='line_1_38' title="bbox 189 4205 1107 4269; baseline -0.004 -12"><span class='ocrx_word' id='word_1_303' title='bbox 189 4251 192 4257; x_wconf 92' lang='lat'><em>.</em></span> <span class='ocrx_word' id='word_1_304' title='bbox 217 4207 288 4256; x_wconf 79' lang='lat'><strong>1706.</strong></span> <span class='ocrx_word' id='word_1_305' title='bbox 306 4207 349 4254; x_wconf 82' lang='lat' dir='ltr'>fol.</span> <span class='ocrx_word' id='word_1_306' title='bbox 369 4206 396 4255; x_wconf 84' lang='grc' dir='ltr'>Τ.</span> <span class='ocrx_word' id='word_1_307' title='bbox 415 4205 458 4269; x_wconf 86' lang='lat' dir='ltr'>IV,</span> <span class='ocrx_word' id='word_1_308' title='bbox 482 4208 508 4256; x_wconf 83' lang='lat' dir='ltr'>P.</span> <span class='ocrx_word' id='word_1_309' title='bbox 525 4208 558 4269; x_wconf 84' lang='grc' dir='ltr'>ΙΙ,</span> <span class='ocrx_word' id='word_1_310' title='bbox 582 4210 629 4256; x_wconf 88' lang='lat' dir='ltr'>ool.</span> <span class='ocrx_word' id='word_1_311' title='bbox 646 4207 704 4257; x_wconf 78' lang='grc'><strong>469.</strong></span> <span class='ocrx_word' id='word_1_312' title='bbox 723 4206 761 4255; x_wconf 80' lang='lat' dir='ltr'>Gt.</span> <span class='ocrx_word' id='word_1_313' title='bbox 786 4220 861 4268; x_wconf 82' lang='lat' dir='ltr'>cupre</span> <span class='ocrx_word' id='word_1_314' title='bbox 878 4221 903 4268; x_wconf 89' lang='lat' dir='ltr'>p.</span> <span class='ocrx_word' id='word_1_315' title='bbox 928 4206 959 4256; x_wconf 80' lang='grc'>38</span> <span class='ocrx_word' id='word_1_316' title='bbox 978 4221 1002 4254; x_wconf 90' lang='lat' dir='ltr'>n.</span> <span class='ocrx_word' id='word_1_317' title='bbox 1022 4207 1052 4255; x_wconf 86' lang='lat' dir='ltr'>ed</span> <span class='ocrx_word' id='word_1_318' title='bbox 1070 4221 1107 4254; x_wconf 86' lang='lat' dir='ltr'>rr.</span> 
     </span>
     <span class='ocr_line' id='line_1_39' title="bbox 216 4289 1107 4355; baseline -0.003 -13"><span class='ocrx_word' id='word_1_319' title='bbox 216 4293 289 4342; x_wconf 81' lang='lat'>1—4.</span> <span class='ocrx_word' id='word_1_320' title='bbox 344 4289 493 4354; x_wconf 82' lang='lat' dir='ltr'>†Ridieule</span> <span class='ocrx_word' id='word_1_321' title='bbox 505 4298 543 4342; x_wconf 81' lang='lat' dir='ltr'>est</span> <span class='ocrx_word' id='word_1_322' title='bbox 556 4293 623 4352; x_wconf 80' lang='lat' dir='ltr'>origo</span> <span class='ocrx_word' id='word_1_323' title='bbox 641 4293 710 4342; x_wconf 87' lang='lat' dir='ltr'>illius</span> <span class='ocrx_word' id='word_1_324' title='bbox 729 4292 863 4341; x_wconf 83' lang='lat' dir='ltr'>eetrteutia.</span> <span class='ocrx_word' id='word_1_325' title='bbox 890 4290 965 4355; x_wconf 84' lang='lat' dir='ltr'>Apud</span> <span class='ocrx_word' id='word_1_326' title='bbox 984 4290 1107 4339; x_wconf 78' lang='lat' dir='ltr'>Cassio-</span> 
     </span>
    </p>
   </div>
   <div class='ocr_carea' id='block_1_16' title="bbox 0 0 1668 5154">
    <p class='ocr_par' dir='ltr' id='par_1_19' title="bbox 0 0 1668 5154">
     <span class='ocr_line' id='line_1_40' title="bbox 0 0 1668 5154; baseline 0 0"><span class='ocrx_word' id='word_1_327' title='bbox 0 0 1668 5154; x_wconf 95' lang='lat' dir='ltr'> </span> 
     </span>
    </p>
   </div>
  </div>
 </body>
</html>
