3322 5154
408 493 473 535 cnr.
489 495 519 532 n.
547 493 589 534 nn
603 493 847 538 consonsnronu.
1057 489 1076 548 5

145 645 161 698 1
181 649 355 724 amisisset,
389 650 516 731 insuper
539 657 571 712 et
593 650 706 712 multas
729 651 759 712 in
784 671 912 732 corpore
935 674 989 716 suo
1012 657 1072 719 tri-

179 752 356 814 bulationes
391 753 575 826 sustineret,
617 773 740 832 semper
774 755 864 816 stetit
896 765 1001 820 rectus
1035 779 1072 822 ac

145 852 161 905 3
181 874 303 934 semper
318 855 450 918 Domino
473 854 590 935 gratias
614 874 708 934 ageos
733 855 873 918 dicebat:
899 859 1072 923 “Dominus
1091 876 1214 928 oisemo,
1228 879 1290 924 nnn

181 959 277 1031 dedit,
312 956 461 1018 Dominus
492 957 636 1033 abstulit;
682 959 763 1037 quod
792 959 924 1021 Domino
954 962 1074 1041 placuit

122 1054 295 1122 ,5lactum
321 1067 385 1122 est:
420 1059 461 1121 sit
484 1078 593 1120 nomen
617 1060 740 1122 Domini
768 1061 985 1123 benedictum”
1009 1070 1072 1126 “ex
1089 1081 1254 1130 sennenn,
1271 1084 1291 1123 a.

181 1164 240 1224 hoc
264 1182 344 1224 nunc
368 1169 400 1222 et
422 1180 517 1240 usque
540 1161 570 1221 in
593 1163 762 1225 seculum’.
813 1164 883 1225 Non
912 1184 983 1250 crgo
1012 1166 1069 1228 de·

147 1259 289 1327 lbemns
312 1265 401 1326 nimis
425 1263 529 1325 dolere
553 1266 591 1326 de
612 1265 684 1327 filiis
705 1266 752 1327 vel
773 1266 842 1327 aliis
858 1266 949 1327 rebus
973 1269 1069 1329 amis-

182 1368 236 1442 sis,
272 1387 310 1428 ex
340 1387 398 1446 quo
426 1366 456 1428 i'd
487 1367 567 1446 quod
591 1366 706 1428 accidit
728 1368 840 1429 mutari
862 1387 921 1428 non
945 1377 1069 1449 potest;

145 1463 236 1532 9sed
267 1470 370 1550 potius
404 1469 550 1530 debemus
579 1469 712 1549 gaudere
742 1470 779 1530 de
807 1469 943 1545 habitis,
979 1491 1069 1552 quam

181 1572 284 1634 dolere
309 1573 346 1632 de
370 1571 504 1645 amissis,
528 1573 607 1632 unde
621 1571 742 1651 quidam
761 1570 868 1632 volens
886 1580 1010 1651 patrem,
1031 1575 1067 1635 de

127 1668 160 1721 11
179 1681 277 1735 morte
301 1672 354 1733 lilii
378 1672 532 1734 consolari
556 1673 600 1734 sic
624 1672 685 1734 ait:
716 1672 787 1734 Noli
810 1673 883 1734 flere
907 1676 987 1756 quod
1010 1676 1069 1737 bo-

179 1795 249 1836 num
273 1774 368 1835 filium
392 1773 541 1849 amisisti,
576 1776 632 1836 sed
660 1776 763 1855 potius
787 1777 867 1856 quod
890 1776 984 1837 talem
1007 1777 1068 1838 ha-

125 1872 159 1925 13
177 1876 283 1951 bnisti,
304 1877 413 1954 gaude.
448 1878 491 1938 Et
510 1877 583 1938 alibi
597 1877 676 1938 idem
692 1877 843 1939 Seneca
862 1878 923 1938 ait:
950 1878 1068 1942 “Nulla
1085 1873 1188 1975 {ffiffi
1204 1879 1285 1968 ,illm-

176 1998 227 2040 res
261 1978 351 2038 citius
382 1978 421 2038 ad
450 1977 550 2038 odium
579 1978 663 2038 venit
691 1998 779 2058 quam
815 1979 923 2053 dolor3
957 1999 1066 2042 recens

124 2075 264 2141 15d010r
286 2079 418 2140 libenter
440 2080 480 2144 ad
503 2099 536 2140 se
560 2080 801 2141 consolationem
824 2081 953 2155 inducit,
977 2081 1064 2142 inve-

175 2190 296 2243 teratus
319 2200 391 2242 vero
415 2182 591 2255 deridetur,
622 2201 678 2242 nec
707 2182 874 2244 immerito:
909 2190 963 2243 aut
986 2183 1066 2244 enim

122 2280 155 2333 17
174 2283 337 2345 simulatus
369 2292 418 2344 est
448 2290 503 2344 ant
525 2283 672 2344 stultus''.
727 2284 770 2344 Et
798 2291 881 2344 certe
904 2283 1065 2345 tristitiam

174 2386 263 2465 hujus
287 2385 383 2446 seculi
407 2403 425 2445 a
447 2393 478 2445 te
507 2384 576 2445 ideo
600 2384 750 2464 repellere
779 2385 884 2459 debes,
914 2385 985 2465 quia
1007 2405 1064 2447 ve-

121 2483 155 2536 19
174 2509 239 2550 rum
268 2495 333 2561 est,
368 2487 449 2566 quod
479 2486 589 2546 beatus
617 2485 759 2554 Paulus
782 2486 813 2546 in
844 2486 988 2565 Epistola
1010 2507 1063 2548 se·
1082 2469 1282 2569 ΞΞῊἯΗζ·

175 2590 276 2651 cunda
306 2588 346 2649 ad
374 2586 550 2650 Corinthios
580 2587 663 2648 circa
691 2587 822 2648 medinm
847 2587 942 2648 dixit:
978 2587 1063 2650 “Se-

120 2688 153 2740 21
173 2690 233 2752 culi
256 2697 358 2751 autem
382 2687 511 2749 tristitia
532 2695 662 2749 mortem
686 2696 841 2767 operatur.
883 2689 959 2760 Quae
983 2691 1063 2753 enim

154 2793 340 2854 secundum
355 2791 452 2850 Deum
472 2797 531 2863 est,
554 2789 768 2868 poenitentiam
788 2789 822 2876 in
838 2790 970 2853 salutem
993 2800 1063 2853 sta·

121 2892 156 2946 23
173 2893 264 2955 bilem
289 2891 455 2973 operatur'’
464 2909 473 2965 3
509 2900 540 2952 et
566 2891 640 2961 ideo¹
667 2910 733 2952 eam
765 2911 784 2951 a
811 2899 842 2952 te
865 2893 948 2953 nullo
972 2894 1062 2954 modo

173 2994 319 3076 repellas,
344 2995 399 3055 sed
412 2993 524 3071 ¹potius
548 2993 596 3053 die
616 3001 768 3072 noctuque
787 2995 914 3055 studeas
937 2981 1063 3070 habere,
1218 3063 1222 3071 ,

120 3095 155 3149 25
173 3097 245 3177 quia
273 3103 386 3175 postea
416 3099 638 3155 “convertetur
665 3096 693 3155 in
724 3094 906 3174 gaudium’',
941 3103 975 3157 nt
993 3096 1063 3157 Do·
1082 3099 1294 3195 fgglvppjfpgl‘

173 3199 272 3260 minus
295 3197 325 3258 in
348 3196 526 3275 Evangelio
542 3195 630 3257 dixit.
681 3195 768 3257 Unde
793 3196 977 3260 Salomon
1001 3197 1062 3259 ait:
1081 3201 1283 3292 gwlwiat'wvfl·

120 3298 155 3353 27
174 3298 455 3378 “consapientium
473 3304 523 3358 est
539 3298 588 3358 ubi
607 3295 746 3370 tristitia,
770 3305 801 3358 et
824 3317 878 3360 cor
900 3298 1063 3360 stultorum

209 3488 229 3536 l.
249 3492 273 3534 et
290 3486 391 3543 multas]
412 3483 431 3530 Β
454 3486 548 3530 multus
571 3489 601 3532 et.
636 3485 829 3543 consolatorem,
849 3483 1065 3532 Oeonsolntorem

173 3574 196 3621 2.
229 3571 375 3628 sustineret]
407 3569 427 3616 B
458 3568 601 3616 motinensi.
636 3569 748 3628 invenit,
768 3567 917 3630 Gomsqq.
936 3569 1065 3630 usquead

172 3659 196 3706 4,
215 3655 293 3716 quod]
312 3653 354 3702 ΒΟ
372 3654 439 3700 sicut
458 3654 542 3698 —tta
559 3653 602 3714 sa·
636 3652 738 3713 occidit,
765 3656 801 3712 ut,
827 3651 972 3700 vulneribus
990 3668 1020 3714 p.
1041 3653 1064 3713 7,

172 3744 248 3789 ctum.
293 3742 315 3788 7.
334 3738 419 3798 nimis]
446 3736 601 3786 Gmultnm.
636 3751 657 3784 v.
677 3737 700 3785 3.
744 3737 905 3798 inveteratus]
931 3737 952 3784 D
975 3738 1064 3785 inmo·

172 3825 289 3884 duilliis]
309 3823 405 3871 cml).
444 3823 481 3872 12.
506 3824 601 3884 potius]
636 3822 756 3870 deratius.
804 3823 841 3871 16.
869 3822 936 3881 vero]
955 3834 1009 3873 om.
1033 3821 1062 3869 D.

172 3909 277 3960 BOEFG
288 3907 600 3970 potinspaudequiofflll
639 3906 675 3956 18.
702 3907 777 3965 hujus
801 3907 888 3965 seculi]
920 3919 968 3953 om.
992 3901 1062 3967 A²B;

173 3995 255 4056 qnod).
276 3993 314 4043 13.
325 3991 415 4051 gaude]
426 3992 447 4039 D
459 3993 548 4053 pande.
568 3993 601 4039 Et
635 3989 739 4050 Cluuius
748 3991 857 4048 munau
875 3991 896 4038 E
907 3991 1063 4055 eujusmodi.

175 4075 520 4128 Ecclesiastes-Seneca-
539 4077 599 4125 Sia·
636 4074 676 4124 22.
714 4076 894 4136 poenitentium]
948 4076 1063 4122 nonnulli

173 4169 212 4212 tus
235 4189 265 4200 -
292 4161 464 4223 Aupustians.
477 4197 482 4206 .
494 4195 516 4210 ..
540 4159 599 4208 dene
633 4159 704 4208 codd.
710 4161 880 4219 patientum,¹
896 4159 920 4207 M
929 4160 1062 4219 pusiones.

172 4251 252 4297 mort:
269 4245 436 4309 interpolatio.
464 4244 503 4296 14.
522 4247 598 4304 venit]
635 4245 675 4294 26.
693 4245 738 4304 ait]
757 4243 863 4292 Ddtcit.
889 4244 928 4294 27.
947 4245 994 4303 est]
1014 4256 1061 4295 om.

173 4347 220 4384 om.
238 4331 266 4379 B.
299 4330 338 4382 15.
357 4330 560 4392 consolationem]
579 4329 599 4375 B
633 4328 682 4380 Bu.
697 4330 841 4391 stultorum]
862 4328 878 4374 li
896 4329 1036 4394 fatuorum.
