3320 5146
564 494 623 553 108
800 503 864 544 our.
879 503 958 544 nuru.
988 503 1088 556 ossus,
1103 503 1216 553 omnus

563 668 709 723 aeternam
743 669 775 722 et
808 668 965 740 perpetuos
998 659 1135 722 viotoriae
1170 677 1325 720 eoronam.
1391 657 1487 720 Sedl

563 782 632 824 oum
665 762 804 823 omnibus
838 761 1011 823 hominibus
1045 780 1153 840 pacem
1190 759 1304 822 habere
1338 761 1452 836 debes;

344 866 545 959 gffifflgeffiffgp
564 864 643 924 unde
668 862 816 941 scriptum
839 870 905 926 est:
941 862 1040 925 “Cum
1065 861 1237 922 homiuibus
1259 881 1369 940 paoem
1389 863 1451 942 ¹ho-
1470 863 1488 916 3

564 965 650 1039 beas,
675 984 742 1026 oum
764 963 848 1026 vitiis
871 963 1017 1026 bellum''.

644 1069 836 1125 MELlBEUS
860 1065 954 1126 dixit:
983 1064 1050 1142 Ego
1074 1084 1135 1125 non
1157 1064 1267 1144 loquor
1290 1065 1327 1126 de
1350 1067 1488 1145 pogna5

563 1176 595 1229 et
617 1167 698 1229 bello
722 1175 831 1228 eontra
853 1165 938 1239 vitia,
962 1166 1018 1226 sed
1038 1167 1075 1227 de
1090 1185 1193 1246 pugna
1215 1175 1247 1227 et
1268 1166 1350 1227 bello
1374 1188 1451 1230 oon·

563 1278 613 1332 tra
633 1268 772 1332 homines
797 1267 1025 1328 committentes
1049 1268 1210 1331 maleficia.
1472 1271 1487 1324 7

863 1693 1001 1758 CAPUT
1022 1694 1142 1758 XLIX.

580 1883 582 1888 '
636 1884 743 1967 casus,
766 1870 884 1959 tinibus
906 1881 1006 1950 Iioite
1028 1881 1179 1968 Pugnare
1201 1881 1382 1951 Possumus.

646 2081 947 2138 PRUDENTIAvero
961 2075 1139 2156 respondit:
1162 2075 1242 2138 Ooto
1266 2086 1339 2137 sont
1361 2095 1453 2139 casus

564 2179 613 2242 vel
636 2198 750 2268 oausge,
765 2237 767 2242 ,
784 2178 894 2260 quibus
917 2176 1001 2240 licite
1024 2173 1160 2258 pugnero
1183 2177 1362 2256 possumus:
1397 2198 1452 2258 pro
1471 2176 1489 2230 9

563 2281 623 2343 fide
658 2280 872 2344 conservanda
906 2289 937 2341 et
969 2299 1029 2341 non
1058 2279 1214 2353 violando,
1248 2298 1303 2358 pro
1329 2279 1462 2358 justitia.

563 2381 801 2456 manutenenda,
835 2401 890 2460 pro
925 2401 1002 2461 paee
1035 2381 1189 2454 habenda,
1219 2401 1274 2459 pro
1308 2381 1452 2444 libertato
1472 2381 1504 2434 11

564 2483 788 2556 conservanda,
817 2502 872 2562 pro
901 2471 1091 2563 turpitudine
1121 2481 1264 2556 vitanda,
1298 2502 1353 2562 pro
1382 2483 1451 2544 vio·

563 2585 660 2648 lentie
681 2583 871 2664 repellendo,
895 2604 950 2664 pro
965 2584 1065 2646 tutelo
1087 2583 1135 2644 sui
1148 2585 1287 2663 corporis
1310 2584 1455 2656 facienda
1472 2585 1506 2638 13

564 2695 596 2749 et
624 2705 679 2766 pro
702 2685 882 2748 necessaria
912 2704 1018 2760 causa,
1053 2685 1090 2746 de
1119 2685 1227 2765 quibus
1257 2684 1456 2764 singulariter

564 2787 774 2870 dispiciamus.
1471 2786 1505 2841 15

645 2889 706 2950 Pro
723 2888 782 2950 fide
801 2897 884 2950 certe
897 2896 970 2950 sunt
985 2889 1068 2951 bella
1086 2887 1295 2967 suscipiendo,
1316 2896 1348 2962 et
1360 2908 1452 2951 manu

565 2990 785 3053 decertandum
798 2998 855 3052 ost.
890 2991 970 3052 Nom
994 2990 1101 3052 sicut
1122 2989 1198 3051 fides
1217 2997 1356 3052 nostrum
1376 3011 1450 3052 son·
1471 2991 1504 3044 17

564 3101 629 3155 tum
652 3111 721 3154 esse
745 3091 848 3166 debet,
877 3093 933 3153 sub
962 3110 1021 3173 quo
1045 3110 1150 3153 omues
1181 3090 1365 3154 clauduntur
1386 3092 1452 3154 vir·

565 3201 661 3269 tutes,
691 3201 723 3254 et
751 3193 838 3273 cujus
870 3192 951 3254 souti
979 3192 1164 3256 adminiculo
1192 3212 1329 3274 pugnare
1354 3194 1450 3256 debe·
1471 3195 1505 3249 19

567 3316 652 3370 mus,
686 3294 723 3356 de
747 3313 808 3373 quo
831 3294 910 3356 dixit
931 3293 1156 3374 Apostolus
1185 3295 1216 3355 in
1245 3295 1391 3374 Epistola
1413 3296 1452 3357 ad

348 3399 548 3508 Ξῖἷμννξὴοῇἅ
564 3396 719 3477 Ephesios
750 3395 833 3459 eirea
859 3397 967 3456 finem:
1003 3395 1192 3458 “Sumentes
1222 3405 1341 3459 sontum
1371 3398 1453 3474 fidei,
1471 3399 1504 3454 21

473 3479 480 3504 '
565 3498 677 3577 inquo
702 3496 831 3578 possitis
861 3497 963 3557 omnio
992 3498 1056 3560 tela
1078 3498 1258 3579 nequissimi
1280 3498 1372 3578 ignea
1394 3519 1453 3562 ex·

565 3597 740 3680 tinguere’',
764 3605 796 3658 et
819 3597 856 3659 de
880 3616 940 3676 qua
963 3599 1055 3661 etiam
1078 3600 1195 3662 dietum
1219 3606 1282 3661 est:
1472 3604 1506 3658 23

500 3865 502 3869 .
602 3818 625 3869 3.
644 3819 797 3879 hominibus]
816 3817 888 3866 codd.
907 3818 992 3864 omni·
1028 3819 1181 3878 spiciamus,-
1199 3817 1257 3868 w
1278 3819 1453 3868 discutiamus.

568 3905 620 3953 bos.
664 3903 687 3953 9.
717 3904 773 3965 pro]
792 3903 812 3950 Ε
830 3904 924 3952 scilicet
938 3916 993 3962 pro.
1030 3903 1069 3954 19,
1088 3903 1248 3966 adminiculo]
1268 3905 1288 3952 B
1306 3906 1454 3954 aminiculo.

569 3988 609 4039 10.
627 3987 803 4048 conservanda]
822 3987 842 4034 B
860 3988 993 4036 servando.
1029 3988 1068 4039 111.
1087 3989 1146 4050 qua]
1166 3989 1209 4037 DE
1227 4003 1288 4050 φιος
1316 3989 1335 4038 O
1357 3989 1454 4052 quitos.

569 4073 608 4124 12.
627 4072 803 4132 conservando]
823 4071 842 4119 B
860 4071 994 4122 servando.
1029 4073 1067 4123 21.
1088 4073 1229 4136 Sumentos]
1248 4075 1271 4122 A
1289 4075 1321 4121 Io
1339 4076 1457 4124 omnibns

570 4157 609 4208 lt.
626 4170 671 4220 pro
689 4156 866 4218 necessario]B
882 4169 993 4216 ompro.
1028 4163 1159 4206 sumentes.
1201 4159 1239 4210 22.
1258 4161 1414 4220 nequissimi]
1434 4161 1455 4209 A

569 4241 608 4293 ts.
638 4241 807 4302 dispiciamus]
841 4240 860 4289 O
887 4241 994 4300 demici—
1029 4243 1282 4304 hostisneqoissimi3
1300 4242 1336 4293 A²
1354 4247 1456 4306 oequis-

568 4338 656 4385 omum
673 4327 693 4373 ll
711 4326 888 4385 otscepremos5
911 4325 933 4372 D
951 4326 993 4371 io·
1027 4327 1089 4373 elmi
1107 4328 1192 4376 tortis.
1227 4330 1308 4390 ignes]
1327 4329 1355 4378 ll.
