3320 5146
375 529 378 538 ·
410 503 469 563 136
515 477 517 482 ι
813 513 949 556 ocurrunt
963 513 1078 556 enarre.

464 650 571 694 orror.
1489 683 1494 694 .

396 721 401 729 ’
468 724 592 789 XXIV.
637 730 681 783 De
709 728 819 783 consilio
847 729 910 784 mali
936 731 1049 788 hominis
1079 733 1188 789 vitando
1209 741 1238 790 et
1260 740 1388 806 suspecto
1425 656 1486 698 m

636 831 759 886 habendo
782 870 1384 893 ....................
1435 877 1438 884 -
1452 835 1493 892 52

484 927 593 1014 XXV.
636 934 680 988 De
713 933 821 994 vitando
854 933 964 988 consilio
985 935 1096 1006 juvenis
1126 944 1155 991 et
1182 944 1309 1009 suspecto
1336 940 1389 992 ha-

637 1037 724 1088 bendo
748 1074 1384 1094 .....................
1451 1037 1492 1094 53

469 1131 592 1193 XXVI.
635 1139 679 1190 De
700 1136 879 1190 examinando
901 1111 1010 1191 consilio
1031 1139 1058 1193 in
1079 1156 1179 1210 genere
1192 1181 1383 1196 .......
1450 1138 1491 1196 53

454 1233 593 1296 XXVII.
639 1238 752 1299 Quando
780 1237 917 1291 consilium
946 1239 982 1292 sit
1010 1244 1265 1308 assumendumrel
1286 1260 1384 1314 appro-

637 1340 755 1392 bandum
778 1377 1383 1400 ....................
1449 1341 1490 1399 58

437 1435 590 1497 XXVIII.
637 1442 751 1503 Quando
773 1446 801 1494 et
823 1440 939 1512 qualiter
959 1444 1097 1497 consilium
1120 1445 1157 1498 sit
1167 1445 1384 1500 retinendum..
1451 1445 1490 1502 61
1609 1437 1610 1440 “

468 1537 593 1599 XXIX.
640 1544 753 1605 Quando
775 1542 915 1596 consilium
936 1544 979 1597 vel
998 1545 1158 1614 promissum
1176 1547 1263 1616 possit
1279 1549 1321 1601 vel
1339 1549 1384 1600 de·

637 1647 701 1698 beat
722 1643 820 1697 mutari
843 1681 1383 1701 ..................
1450 1647 1487 1705 61

484 1740 592 1801 XXX.
636 1747 679 1798 De
701 1763 789 1799 errore
811 1745 914 1798 consilii
937 1785 1382 1803 ...............
1449 1749 1491 1806 64

413 1868 416 1876 ·
469 1841 594 1902 XXXI.
638 1849 682 1900 De
704 1847 902 1900 examinatione
924 1848 1025 1900 consilii
1048 1849 1074 1901 in
1097 1851 1187 1919 specie
1222 1889 1384 1906 ......
1450 1851 1490 1908 66
1609 1855 1610 1880 ³

452 1944 592 2006 XXXII.
636 1949 679 2000 De
701 1948 825 2002 custodia
846 1965 969 2017 personae
992 1949 1018 2002 in
1040 1967 1140 2021 guerra
1161 1951 1316 2005 constitutae
1346 1991 1384 2005 ..
1450 1951 1489 2008 69
1609 1967 1610 2016 j

434 2044 590 2106 XXXIII.
635 2051 678 2103 De
700 2049 819 2103 turribus
844 2089 1384 2107 ..................
1450 2053 1490 2108 72
1609 2097 1610 2124 3

433 2145 591 2206 XXXIV.
635 2153 678 2204 De
701 2150 828 2221 superbia
843 2189 1381 2210 ..................
1449 2153 1490 2210 73

448 2247 590 2330 XXXV.
635 2255 678 2310 De
700 2252 845 2305 munitione
879 2291 1197 2308 ,,,,,,,,,,,
1210 2321 1218 2338 Ὂ
1223 2294 1386 2310 ,,,,,,
1452 2255 1493 2311 74
1609 2243 1610 2294 i

438 2349 595 2411 XXXVI.
640 2355 714 2416 Quot
735 2355 819 2407 modis
843 2345 948 2408 dicatur
971 2355 1030 2424 quis
1053 2373 1134 2425 posse
1159 2395 1185 2414 ·,
1191 2395 1385 2410 ,,,,,,,
1453 2355 1493 2412 78

419 2451 592 2512 XXXVII.
636 2455 725 2525 Super
746 2471 831 2508 causa
844 2495 1383 2513 ..................
1452 2457 1491 2514 82
1609 2439 1610 2452 .

407 2552 594 2613 XXXVIII.
639 2559 682 2611 De
704 2556 861 2627 quintuplici
884 2557 937 2609 Dei
958 2563 1096 2626 potestate
1127 2597 1386 2613 .........
1455 2557 1494 2614 85

434 2651 595 2714 XXXIX.
638 2659 681 2710 De
704 2657 791 2712 officio
809 2657 908 2727 judicis
930 2658 1002 2711 circa
1024 2658 1168 2712 vindictam
1198 2698 1391 2716 .......
1457 2659 1496 2716 86
1609 2669 1610 2730 j

456 2745 460 2752 ’
524 2753 594 2814 XL.
640 2761 683 2813 De
705 2759 814 2812 fortuna
848 2797 1388 2815 ..................
1454 2761 1493 2818 89
1609 2739 1610 2788 i

506 2854 592 2916 XLI.
637 2862 680 2913 De
702 2859 916 2914 contentionibus
941 2899 1072 2914 .....
1080 2871 1082 2875 ’
1098 2900 1385 2916 ..........
1452 2862 1492 2919 93

490 2956 592 3017 XLII.
637 2964 680 3016 De
702 2961 836 3032 patientia
847 2999 1104 3018 .........
1104 2983 1107 2990 ·
1108 3031 1110 3034 Υ
1130 3002 1386 3018 .........
1452 2963 1492 3021 93

474 3058 591 3119 XLIII.
635 3066 679 3118 De
700 3067 864 3134 paupertate
886 3068 915 3115 et
936 3062 1034 3116 divitiis
1069 3103 1388 3119 ............
1455 3064 1493 3121 97
1609 3041 1610 3074 ³

429 3187 430 3190 ¹
476 3159 593 3220 XLIV.
637 3163 866 3219 De'neoessitote
879 3201 1388 3222 .................
1454 3165 1492 3222 99

453 3309 455 3316 .
490 3259 593 3323 XLV.
637 3267 680 3318 De
702 3265 874 3320 mendicitate
911 3303 1387 3322 ................
1433 3265 1494 3323 100
1609 3249 1610 3260 .

475 3362 593 3424 XLVI.
637 3367 779 3421 Demadis
801 3383 908 3437 guerra
942 3405 1387 3425 ...............
1434 3368 1492 3424 102

460 3464 593 3525 XLVII.
637 3471 681 3522 De
703 3470 773 3523 bello
795 3469 905 3523 vitando
945 3506 1388 3525 ...............
1435 3468 1494 3525 104

447 3565 594 3626 XLVIII.
640 3573 683 3624 De
705 3587 805 3643 guerra
826 3570 937 3624 vitanda
957 3586 1006 3639 per
1027 3567 1267 3624 reconciliationem
1289 3611 1294 3624 .
1320 3612 1327 3624 .
1351 3611 1388 3624 ..
1434 3569 1494 3626 106

472 3667 592 3728 XLIX.
638 3673 735 3735 Caene,
760 3671 856 3742 quibus
878 3671 951 3725 licite
972 3687 1095 3740 pugnare
1116 3688 1261 3741 possumus
1287 3715 1293 3727 .
1320 3710 1326 3725 .
1351 3711 1388 3727 ..
1434 3669 1494 3726 108

555 3769 593 3829 L.
638 3777 681 3828 De
703 3777 775 3828 bona
801 3773 875 3826 fama
912 3810 1389 3832 ................
1435 3771 1496 3827 120
1609 3783 1610 3790 ’

540 3871 594 3938 LI.
639 3879 682 3931 De
704 3874 849 3937 clementia
867 3873 1020 3956 et'pietate
1042 3879 1069 3927 et
1091 3873 1295 3928 misericordia.
1320 3915 1327 3930 .
1352 3914 1390 3930 ..
1436 3872 1496 3929 123

582 4043 585 4049 ’
636 4047 724 4100 Index
753 4080 1387 4101 .....................
1434 4039 1493 4096 129

798 4304 1098 4323 ΛΛΛΛΛΛΛΛΛΛΛΛΛΛΛΛ

465 4672 470 4680 -
533 4650 547 4688 J

402 4710 588 4764 s
