3322 5154
357 479 421 522 oar.
437 479 476 522 ιν.
500 479 542 522 un
556 479 771 525 excussurouu
785 482 956 525 uuuruuuu.
1064 471 1104 530 15

174 633 286 698 llicet
307 636 360 698 ille
383 657 444 699 non
466 635 630 713 invenerit,
653 638 707 700 alii
728 637 824 702 multi.
838 637 983 700 mulieres
1005 633 1103 700 bonas

207 739 403 814 invenerunt
426 738 476 801 vel
491 739 571 801 iorte
595 738 782 804 Salomon
804 740 960 804 intellexit
977 740 1015 803 de
1031 759 1102 802 mu·

152 837 335 903 ·3lieriuus
358 841 390 903 in
412 859 531 903 summa
555 840 695 905 bonitate
719 842 909 917 constitutis,
933 841 971 903 de
994 842 1103 922 quibus

207 942 293 1004 nulla
323 943 486 1022 reperitur.
548 945 647 1006 Nemo
679 944 758 1006 enim
789 951 839 1007 est
865 943 998 1024 undique
1027 963 1101 1024 per·

172 1041 309 1106 5leotus
331 1063 429 1124 neque
452 1045 591 1125 perfecte
614 1046 724 1121 bonus,
758 1045 823 1108 nisi.
841 1045 926 1108 solus
948 1046 1046 1120 Deus,
1069 1053 1103 1106 ut
1120 1044 1322 1137 {ffl-''fgjffl

206 1146 342 1226 ipsemet
362 1135 393 1207 i'n
416 1146 588 1227 Evangelio
611 1147 702 1211 dixit.

173 1245 190 1298 7
303 1248 472 1309 Tertiam
508 1267 580 1311 vcro
614 1249 784 1323 rationem,
823 1249 854 1310 in
888 1268 948 1328 qua
982 1245 1100 1321 dixisti,

208 1349 306 1428 quod,
340 1347 368 1410 si
395 1368 463 1411 meo
492 1348 621 1412 consilio
644 1350 692 1411 vel
716 1371 810 1412 sensu
833 1359 864 1412 te
886 1367 1022 1430 regeres,
1051 1347 1100 1409 vi-

171 1449 188 1501 9
208 1450 325 1512 dereris
354 1450 427 1511 mihi
452 1452 623 1514 concedere
646 1451 822 1533 primatum,
857 1459 889 1513 et
910 1456 1112 1538 potestatem·

208 1570 302 1630 super
324 1560 355 1612 te
378 1552 450 1614 milri
475 1554 559 1628 dare,
583 1561 658 1634 puto
675 1552 828 1628 frivulam,
850 1552 941 1616 immo
963 1551 1100 1626 nullam3

156 1652 189 1705 11
208 1671 279 1714 nam
302 1652 329 1713 si
352 1653 503 1730 omnibus,
528 1675 596 1717 cum
619 1654 728 1735 quibus
751 1652 912 1716 consilium
939 1652 1099 1728 habemus,

208 1753 373 1832 primatum
396 1775 434 1816 ac
458 1756 625 1831 dominium
647 1776 740 1836 super
755 1775 824 1818 -nos
848 1755 1099 1828 concederemus,

155 1855 189 1910 13
208 1855 310 1917 nullus
338 1856 433 1918 vellet
459 1858 499 1918 ab
529 1857 590 1919 alio
619 1857 780 1920 consilium
807 1856 937 1932 habere3
971 1854 1099 1919 liberum

210 1957 289 2031 enim
312 1957 470 2020 arbitrium
493 1958 659 2034 habemus,
691 1958 851 2022 consilium
881 1958 971 2021 nobis
994 1959 1100 2020 datum

156 2058 191 2113 15
209 2057 351 2120 omittere
373 2059 423 2121 vel
446 2079 582 2122 servare.

292 2158 480 2230 Quartam
502 2162 751 2238 coronationem,
776 2162 826 2225 ubi
840 2161 964 2224 dixisti:
988 2160 1096 2224 “Gar-
1116 2163 1147 2203 Μ·
1168 2165 1196 2203 Α·
1220 2164 1317 2215 Seneca

1116 2215 1214 2256 controv.
1235 2217 1265 2260 ll.
1285 2217 1317 2260 13.

152 2255 188 2315 ll
206 2259 316 2322 rulitas
339 2261 499 2324 mulierum
522 2262 552 2324 id
571 2263 673 2325 solnm
693 2264 779 2327 novit
797 2264 910 2338 celare,
934 2262 1016 2344 quod
1038 2280 1096 2324 ne·
1114 2265 1318 2369 papatissa·-

209 2361 301 2437 scit’',
335 2363 476 2425 similiter
498 2372 573 2445 puto
595 2365 728 2440 nullam,
752 2385 809 2428 nec
838 2365 888 2427 hic
911 2365 1011 2426 locum
1034 2363 1094 2428 ha-

156 2464 190 2517 19
207 2464 291 2539 bere,
321 2484 391 2526 nam
420 2465 495 2528 illud
517 2466 700 2545 intelligitur
728 2468 766 2530 de
789 2467 933 2548 pessimis
956 2465 1094 2528 mulieri·

123 2559 124 2564 ’
207 2565 264 2627 bus
287 2566 418 2646 garrulis
449 2576 481 2630 et
502 2568 699 2650 loquacibus,
734 2570 771 2630 de
800 2569 909 2648 quibus
932 2567 993 2630 dici
1017 2586 1093 2629 cou-

154 2667 187 2721 21
206 2668 323 2729 suevit:
358 2668 431 2730 Tria
464 2678 552 2746 sunt,
587 2689 653 2751 quae
683 2669 844 2751 expellunt
873 2669 1026 2732 huminem
1056 2670 1094 2731 de

207 2769 308 2844 domo,
332 2759 453 2833 scilicet
475 2773 575 2834 fumus
598 2779 631 2833 et
652 2771 842 2834 stillicidium
859 2772 1093 2845 etmalauxor3

153 2871 188 2926 23
206 2871 243 2932 de
271 2871 380 2951 quibus
410 2872 502 2934 ctiam
531 2872 713 2935 Salomon
743 2873 836 2942 dixit:
877 2873 1013 2936 “Melius
1044 2882 1093 2935 est
1110 2875 1311 2981 {Qisf'w‘ffi‘

203 2971 344 3034 habitare
377 2976 408 3038 in
441 2983 527 3037 terra
559 2975 699 3050 deserta,
739 2995 830 3055 quam
864 2995 933 3051 cum
966 2975 1092 3040 muliere

151 3072 310 3136 25rixosa
336 3081 369 3136 et
397 3073 579 3138 iracunda''.
632 3079 683 3138 Me
717 3084 821 3140 autem
853 3098 915 3140 non
947 3076 1093 3139 invenisti

203 3175 309 3250 talem,
331 3175 423 3239 immo
446 3179 624 3258 frequenter
642 3187 790 3258 expertus
813 3199 847 3242 es
861 3198 961 3241 meum
983 3198 1091 3242 secre-

153 3278 186 3332 27
203 3275 356 3339 tissimum
378 3277 533 3340 silentium
556 3288 649 3361 atque
672 3299 770 3343 meam
792 3280 1048 3344 taciturnitatem.

288 3376 379 3449 Quod
401 3385 505 3441 autem
528 3381 660 3461 quinto
683 3383 752 3446 loco
775 3382 899 3458 dixisti,
927 3382 1089 3445 videlicet:

150 3481 184 3536 29
203 3478 309 3542 “Malo
325 3479 363 3542 'in
386 3481 515 3544 consilio
537 3483 657 3547 feminae
679 3485 807 3547 vincunt
828 3483 945 3563 viros'',
967 3485 1017 3548 hic
1040 3484 1090 3547 lo·
1109 3485 1283 3583 §ffifflpffillsl'

177 3628 180 3638 '
239 3633 260 3684 l.
286 3636 417 3696 invenerit]
445 3636 465 3686 (l
491 3637 629 3687 invenerat.
662 3641 685 3688 D
712 3655 791 3699 uror,
812 3642 890 3699 justu
915 3639 993 3688 illud:
1025 3640 1091 3689 Sunt

202 3718 225 3768 6.
244 3719 319 3780 dixit]
338 3722 451 3784 sequitur
470 3722 629 3786 interpolatio
663 3725 714 3772 tric
732 3724 846 3785 dompno
864 3724 969 3773 domus:
997 3725 1090 3786 ymber,

199 3803 227 3851 lu
244 3802 298 3853 cod.
317 3800 360 3852 A’.
396 3805 419 3855 8.
437 3806 565 3869 vldsrorls]
584 3808 628 3857 BD
662 3811 733 3858 molo
748 3809 856 3872 femina,
872 3811 967 3872 sumus.
995 3808 1035 3860 26.
1052 3809 1089 3870 os]

198 3888 325 3937 videretur
350 3892 380 3938 tc.
427 3889 465 3941 10.
492 3893 579 3954 immo]
608 3893 627 3944 G
662 3893 742 3944 Gest.
786 3896 879 3954 meum]
898 3894 921 3942 D
937 3894 1089 3952 mecum-ll

199 3985 294 4030 senum
313 3973 336 4021 Α
354 3987 402 4023 om.
419 3974 556 4048 frivolum,
573 3979 626 4026 tm·
661 3980 691 4026 ta
707 3991 754 4027 mc.
781 3979 985 4038 secretissimum]
1004 3977 1028 4025 Η
1045 3991 1088 4025 sc·

199 4051 250 4107 ino.
288 4057 326 4108 lt.
342 4045 472 4120 omittere]
492 4062 515 4110 D
533 4062 626 4112 obmit-
661 4065 846 4124 cratissimum3
877 4062 887 4109 l
912 4063 1087 4126 frequentetur·
1154 4057 1156 4062 ’

199 4144 255 4190 tm.
298 4142 336 4192 16.
363 4143 482 4204 Quartam
503 4160 559 4196 vcro
586 4162 626 4197 rs·
660 4162 740 4196 mum.
758 4147 1088 4212 taqurnt0]1>tnquturo.

198 4226 302 4287 tionem]
330 4226 350 4276 (l
375 4228 473 4288 Quarto
498 4244 556 4279 otro
582 4245 626 4280 ro·
662 4233 702 4283 29.
719 4232 796 4294 Molo]
813 4233 860 4282 AD
873 4230 947 4280 aare.
973 4233 1086 4291 ducunt]

198 4311 274 4360 tione.
292 4313 483 4378 ablutaque.
502 4315 626 4379 ttuxor]
661 4318 684 4367 D
701 4319 814 4368 vincant
837 4318 912 4378 viros]
926 4317 951 4365 ll
966 4317 1087 4366 homines.
