3320 5146
432 514 498 557 eur.
514 513 603 556 xxxv.
631 513 672 554 nn
687 511 868 556 uuummun.
1060 502 1100 561 77

175 671 190 722 1
209 675 278 749 mis,
305 671 377 754 quid
399 671 429 733 iu
451 672 510 733 hae
533 689 566 732 re
590 687 693 732 verum
718 671 931 751 sincerumque
955 669 1013 762 sit?
1031 689 1100 731 se·
1119 653 1319 772 1⁰1¹fgsl⁰flgfffpfir2

211 778 323 851 eundo,
347 775 419 855 quid
443 781 683 835 cousentaneum
708 773 750 835 sit
762 773 832 834 huic
856 773 911 848 rei,
936 791 1025 852 quam
1050 773 1100 834 fa·
1119 781 1141 820 θ’
1156 772 1228 818 ⁶⁶⁶*-
1243 774 1275 814 ¹²·

175 875 192 928 3
210 878 355 953 cereris,
378 876 410 938 id
424 882 473 937 est
485 874 630 936 vindietae
641 894 649 950 ;
673 875 777 950 tertio,
802 875 874 955 quid
891 893 1100 955 consequens3

208 989 330 1061 quartu,
364 979 436 1060 quid
466 977 609 1056 gignatur
638 996 677 1038 ex
705 978 763 1039 hac
792 977 947 1052 vindicta3
983 976 1100 1056 quinto,

173 1078 274 1162 5quae
297 1082 355 1143 fnit
378 1099 474 1141 causa
495 1077 612 1158 injuriae
636 1077 692 1139 tibi
714 1078 820 1154 illata,
845 1087 876 1140 et
899 1097 993 1158 quare
1015 1078 1099 1140 Deus

160 1172 179 1202 ⁸
208 1183 358 1265 permisit,
382 1181 439 1243 tibi
459 1181 540 1242 hane
563 1179 704 1260 injuriam
728 1181 805 1244 fieri.

174 1282 190 1335 7
292 1286 334 1347 Et
365 1292 460 1358 certa,
496 1283 533 1344 de
560 1282 693 1344 veritate
721 1282 843 1345 sincera
870 1281 961 1362 hujus
984 1269 1100 1362 negotii
1192 1361 1193 1366 ἵ

209 1409 269 1451 non
290 1394 414 1468 oportet
436 1384 564 1446 multum
587 1383 750 1466 inquirere,
775 1386 847 1464 quia
863 1391 897 1445 tu
910 1382 987 1444 bene
1004 1383 1098 1459 nosti,

115 1487 117 1492 ’
172 1487 189 1540 9
208 1486 258 1571 qui
280 1491 404 1551 inerunt
425 1487 470 1550 illi
492 1496 523 1550 et
546 1494 620 1568 quot
646 1482 689 1572 [et
712 1481 843 1571 quales],
872 1484 922 1565 qui
943 1484 1023 1546 hane
1046 1485 1096 1546 in-

204 1592 317 1674 juriam
339 1590 396 1652 tibi
417 1589 598 1663 intulerunt,
626 1596 658 1650 et
680 1588 801 1668 quando
825 1594 857 1647 et
879 1587 1042 1667 quomodo,
1067 1594 1099 1648 et

144 1691 190 1745 -11
209 1693 330 1773 qualem
351 1683 500 1773 injuriam
516 1692 665 1753 fecerunt.

291 1793 512 1856 Examinemus
544 1811 632 1871 ergo,
668 1790 740 1871 quid
763 1794 1006 1852 consentaneum
1027 1788 1098 1851 huie

156 1896 190 1950 13
208 1896 252 1959 rei
275 1897 327 1970 sit,
349 1895 383 1957 id
405 1902 464 1968 est,
489 1893 539 1974 qui
562 1901 593 1955 et
616 1901 692 1974 quot
713 1902 744 1954 et
766 1893 873 1974 quales
902 1893 1100 1956 consentiant

207 1997 361 2061 voluntati
384 2004 416 2058 et
438 1995 566 2059 consilio
590 2003 654 2070 tuo,
678 2004 710 2056 et
732 1995 837 2075 quiet
859 2005 934 2076 quot
947 2003 979 2057 et
991 1994 1098 2075 quales

159 2099 192 2154 15
211 2099 408 2162 consentiant
431 2117 499 2159 eum
521 2096 652 2159 inimicis
672 2104 708 2158 et
730 2096 916 2160 adversariis
939 2098 1012 2160 tuis.
1056 2097 1100 2159 Et

209 2209 293 2264 uerte
327 2207 429 2262 tecum
463 2199 601 2263 sentiunt
633 2207 665 2260 et
698 2198 896 2261 consentiunt
927 2199 989 2274 illi,
1021 2216 1097 2279 quos

157 2303 189 2357 17
208 2323 303 2385 supra
330 2301 496 2376 nominavi,
529 2301 562 2363 id
582 2309 641 2363 est
667 2301 756 2363 multi
779 2301 910 2381 juvenes
940 2308 971 2362 et
994 2300 1097 2375 vicini,

209 2404 370 2485 etagnati
400 2411 492 2485 atque
517 2402 651 2483 cognati,
685 2402 795 2478 etim,
831 2403 881 2482 qui
904 2402 959 2465 tibi
981 2421 1097 2464 eonsu-

158 2508 190 2562 19
207 2506 341 2581 luerunt,
367 2505 531 2567 vindictam
554 2505 585 2566 in
606 2504 777 2566 continenti
804 2505 988 2567 faciendam.
1034 2503 1099 2566 Sed

207 2609 366 2673 videamus
397 2615 429 2668 et
457 2606 659 2687 inquiramus,
694 2605 761 2687 quis
792 2625 826 2668 es
853 2613 898 2681 tu,
925 2614 965 2668 'et
993 2605 1098 2688 quiet

156 2712 189 2766 21
209 2717 284 2790 quat
316 2717 348 2771 et
380 2708 487 2789 quales
521 2709 584 2771 sint
615 2707 677 2784 illi,
713 2728 789 2789 quos
822 2707 900 2771 dicis
929 2727 998 2771 esse
1025 2715 1097 2770 tuos

210 2813 338 2874 amicos.
404 2809 496 2873 Circe
529 2818 613 2872 tuam
646 2811 751 2891 itaque
790 2829 954 2891 personam
989 2817 1096 2872 notare

158 2916 192 2971 23
210 2922 301 2995 potes
325 2920 357 2975 et
379 2913 474 2976 debes
507 2912 599 2993 quod,
633 2911 708 2974 lieet
737 2930 866 2991 magnus
890 2911 933 2973 sis
956 2919 988 2974 et
1011 2911 1096 2978 dives

208 3024 241 3078 et
262 3026 385 3098 potens,
409 3014 493 3078 selus
516 3022 621 3077 tamen
644 3013 754 3076 existis
769 3021 800 3075 et
818 3032 992 3095 permanes.
1026 3013 1096 3075 Non

156 3121 190 3176 25
208 3119 288 3181 enim
320 3119 417 3181 habes
450 3117 530 3179 filios
563 3115 736 3192 masculos,
770 3135 868 3196 neque
902 3117 1015 3179 fratres
1048 3114 1098 3177 vel

209 3219 454 3300 consanguineos
487 3237 650 3298 germanos
687 3218 738 3280 vel
778 3218 856 3280 alios
890 3216 1096 3292 necessarios,

157 3326 190 3380 27
209 3341 337 3404 querum
358 3321 467 3383 timere
489 3320 605 3382 inimici
617 3319 663 3381 tui
684 3339 703 3381 a
720 3319 930 3381 destructione
944 3326 1005 3382 tuae
1021 3338 1095 3400 per·

208 3443 292 3488 sonae
309 3430 487 3498 cessarent3
510 3430 552 3498 et,
573 3422 734 3484 destructa
746 3441 892 3502 persona,
910 3421 988 3483 bene
1002 3420 1095 3496 nosti,

244 3593 264 3643 i.
285 3595 340 3654 hee]
366 3607 413 3642 om.
434 3591 460 3642 0.
496 3593 519 3643 3.
541 3589 634 3652 idest]
669 3591 742 3650 tiant]
760 3589 783 3637 D
801 3591 925 3652 sentiarum
952 3590 1032 3640 Otuo
1050 3604 1095 3639 vo·
1198 3633 1200 3638 .

207 3692 255 3728 om.
280 3678 310 3729 D.
355 3677 520 3740 consequens]
547 3677 570 3724 D
596 3690 634 3724 re·
669 3676 764 3722 lentati
779 3676 1095 3726 etconrilioeoaaenttamt.

207 3778 292 3826 queue.
315 3765 339 3814 4.
356 3764 480 3824 gignatur]
505 3761 633 3811 Oeontu-
670 3760 708 3810 1¹1.
719 3761 986 3820 nominaviwnotavt.
1006 3761 1094 3822 itate]

206 3854 273 3898 atur.
300 3849 323 3902 8.
341 3851 379 3910 tu]
398 3863 446 3898 orn.
464 3847 492 3897 B.
519 3847 542 3898 9.
561 3847 633 3909 quot]
668 3857 716 3894 om.
735 3845 765 3892 D.
793 3844 832 3894 2¹.
851 3851 875 3894 et
892 3846 977 3908 quales
994 3845 1094 3906 stnt]B

206 3931 240 3982 A¹
260 3935 334 3997 quod.
379 3934 418 3986 10.
442 3932 590 3991 intulerunt]
613 3930 633 3978 B
666 3930 718 3976 stur
737 3933 760 3976 et
772 3931 864 3992 quales.
890 3930 929 3980 24.
948 3931 1047 3991 existis]
1059 3927 1093 3980 A’

205 4004 363 4069 tumuerunt.
409 4019 447 4070 13.
469 4018 496 4066 id
519 4018 567 4078 est]
586 4030 634 4065 om.
669 4015 769 4062 exteras.
822 4015 861 4064 26.
898 4017 1095 4075 consanguineos

205 4101 277 4165 A²O;
304 4104 389 4152 ABEF
420 4107 449 4152 et.
501 4103 573 4165 quot]
599 4098 633 4150 A²
667 4099 1095 4162 germanos]Neouaim9ermeim;

205 4190 279 4250 quod.
306 4189 411 4240 13-14.
429 4189 584 4237 consentiant
602 4211 633 4222 -
667 4185 694 4233 M
710 4198 741 4231 ae
758 4185 895 4256 ratpoti-ae
914 4186 979 4247 frati
996 4187 1096 4235 cameli

205 4275 300 4337 quales]
319 4287 367 4322 om.
385 4273 415 4321 D.
444 4274 483 4325 ii.
501 4273 633 4332 voluntati]
668 4269 707 4320 28.
733 4271 849 4332 persona]
880 4269 943 4320 BOE
968 4274 1014 4319 tun
1036 4284 1095 4332 per·

204 4363 227 4408 Δ
244 4360 371 4408 voluntati
388 4363 445 4406 ενα.
469 4358 507 4408 15.
525 4371 631 4408 consen·
665 4368 737 4404 sonu.
