3320 5146
419 510 552 552 errrore
567 511 605 552 nn
619 509 850 554 nrssnroonorr.
1020 502 1078 560 125

158 662 328 748 1alioquin
352 666 437 728 Deus
461 666 526 728 sine
549 665 761 728 misericordia
783 673 813 726 te
837 666 968 746 puniret.
1025 667 1080 728 Ait

194 768 274 830 enim
297 753 408 829 heatus
431 768 451 830 J
458 768 604 830 aeobns
627 769 657 829 in
680 765 824 847 Epistola
847 787 917 829 sua:
964 769 1077 831 “Jndi*
1097 769 1259 866 ggggl’31dg3}

159 869 176 922 3
195 870 273 932 oium
299 869 377 931 eninr
401 869 467 931 sine
490 868 703 931 misericordia
726 869 779 928 fiet
801 869 839 942 ei,
862 868 924 948 .qui
947 889 1006 931 non
1030 871 1043 930 f
1062 904 1077 916 -

194 973 273 1034 oerit
294 969 569 1033 misericordiam”.

158 1073 175 1126 5
276 1073 346 1152 Hijs
369 1071 481 1133 auditis
505 1077 537 1130 et
556 1070 717 1151 diligenter
733 1072 875 1151 cognitis,
889 1078 1079 1134 MELIBEUS

193 1175 290 1237 dixit:
336 1173 521 1252 “Unguento
552 1179 583 1232 et
612 1172 705 1234 variis
734 1173 878 1234 odoribus
907 1173 1294 1270 delectaturffiggil'gvvrl-

159 1276 257 1352 lcor,
286 1283 317 1337 et
338 1275 427 1337 bonis
456 1272 545 1334 amici
575 1273 711 1336 consiliis
739 1275 842 1335 anima
869 1274 1078 1338 dulcoratur’'.
1184 1257 1191 1280 ’

192 1379 273 1443 Hine
295 1376 458 1456 estquod,
481 1383 610 1455 propter
627 1376 730 1437 dulcia
752 1384 783 1438 et
801 1375 909 1438 suavia
923 1383 978 1437 tua
1000 1395 1077 1438 con-

157 1482 174 1534 9
193 1479 264 1542 silia
285 1485 403 1540 mutato
427 1495 493 1538 meo
516 1476 688 1557 proposito,
712 1487 795 1539 tuam
818 1478 887 1539 volo
910 1477 996 1557 sequi
1019 1477 1076 1538 be-

192 1581 385 1661 nignitatem,
415 1587 447 1638 et
468 1578 498 1638 in
522 1579 579 1638 hoc
603 1578 724 1658 negotio
747 1578 777 1639 in
807 1579 946 1641 omnibus
969 1587 1001 1640 ct
1021 1598 1077 1659 per

141 1685 174 1738 11
193 1682 294 1744 omnia
316 1691 400 1742 tunm
423 1680 525 1740 lacere
548 1680 749 1741 voluntatem.
791 1715 793 1720 ·

516 1892 739 1908 ...Α-ι,-

275 2048 468 2112 Adveniente
497 2048 600 2129 itaque
627 2047 759 2111 termino
783 2051 963 2125 constituto,
991 2070 1074 2131 prae-

141 2161 174 2215 13
191 2139 271 2214 dieti
295 2149 465 2212 adversarii
494 2169 561 2212 oum
585 2150 776 2230 juratoribus
807 2152 870 2213 suis
898 2153 937 2214 ad
961 2152 1075 2216 curiam

91 2279 94 2286 ¹
191 2253 304 2315 domini
330 2251 489 2313 Melibei
522 2252 726 2326 accedentes,
765 2252 913 2334 flexisque
947 2252 1074 2334 genibus

141 2365 174 2418 15
192 2355 255 2416 suis
279 2355 416 2433 fusisque
447 2352 582 2417 lacrimis
612 2354 651 2414 ad
679 2353 775 2433 pedes
804 2352 878 2416 dieti
902 2354 1014 2416 domini
1037 2373 1074 2416 ao

192 2455 320 2519 domina
350 2454 571 2517 Prudentia
608 2438 756 2537 prostrati
786 2452 945 2519 dixerunt:
989 2457 1073 2518 Ecce

141 2557 329 2622 invenimus
362 2555 421 2616 huc
455 2557 556 2637 parati
588 2557 618 2618 in
653 2555 792 2617 omnibus
826 2565 857 2618 et
889 2578 945 2638 per
973 2558 1074 2620 omnia

189 2658 303 2719 vestris
338 2658 461 2719 obedire
496 2657 671 2738 praceptis.
730 2659 965 2734 Verumtamen,
1000 2657 1074 2720 licet

137 2775 170 2828 19
187 2758 314 2838 indigni,
348 2761 483 2820 vestram
514 2779 676 2822 exoramus
705 2758 958 2834 dominationem,
993 2779 1072 2840 qna·
1147 2787 1150 2792 ¹

189 2858 317 2934 tenus*,
342 2879 415 2939 erga
443 2880 499 2922 nos
522 2880 581 2922 non
605 2868 787 2922 exercentes
810 2861 988 2936 vindictam,
1017 2861 1072 2922 sed

137 2979 169 3032 21
189 2961 292 3042 potius
326 2943 585 3041 placabilitatem,
621 2961 815 3024 clementiam
850 2971 881 3023 et
914 2962 1073 3043 pietatem,

186 3062 274 3125 nobis
298 3062 428 3124 subditis
451 3063 563 3124 vestris
586 3064 700 3126 donare
724 3063 887 3143 dignemini
910 3063 1072 3144 indulgen·

137 3183 171 3237 23
189 3164 275 3226 tiam.
319 3164 416 3225 Eritis
439 3183 568 3245 namque
591 3165 661 3230 inde
684 3165 892 3245 potentiores;
925 3157 1073 3245 scriptum

188 3272 237 3327 est
271 3264 368 3326 enim:
420 3264 544 3327 “Multa
575 3265 763 3345 ignoscendo
802 3273 913 3347 potens
946 3268 981 3327 fit
1012 3284 1071 3347 po·
1091 3266 1264 3363 {gilfwffi

136 3385 170 3440 25
186 3365 332 3429 tentior'’.

222 3524 242 3571 l·
267 3521 378 3586 puniret]
403 3517 437 3569 A²
458 3522 562 3592 pantol,
588 3524 611 3570 A
648 3522 685 3571 15.
713 3523 784 3582 dicti]
811 3536 858 3570 om.
876 3521 903 3568 B.
948 3523 985 3582 ac]
1004 3521 1024 3570 B
1042 3536 1072 3569 oc

181 3605 311 3663 iudicabit
328 3609 352 3652 ct
366 3607 463 3664 puniet.
507 3606 530 3654 3.
557 3607 610 3666 llet]
641 3608 775 3666 predicte.
795 3607 834 3657 19.
852 3606 958 3666 indigni]
977 3605 997 3652 B
1013 3609 1071 3653 tan·

185 3703 233 3738 om.
253 3686 342 3740 ΑΛἸ).
383 3692 406 3740 5.
429 3690 496 3750 Hijs]
515 3689 535 3736 B
552 3691 611 3748 Hira
646 3704 722 3752 quom
739 3691 848 3752 indigni.
867 3689 1086 3750 dominationem]=

184 3777 277 3821 cutem.
333 3775 355 3822 7.
389 3775 519 3835 bonis]'A
542 3775 609 3822 boni.
644 3775 843 3823 Dclcmcnttam
867 3779 890 3823 ct
912 3775 1071 3824 dominatio·

185 3857 225 3908 10.
242 3857 269 3905 ln
287 3858 333 3907 hoo
346 3860 456 3919 negotio]
474 3871 522 3907 om.
533 3860 569 3919 A3
587 3859 610 3905 D
644 3873 710 3909 nem.
745 3867 866 3920 quatenus
884 3859 949 3919 erga]
969 3857 988 3906 Β
1006 3873 1070 3924 qua·

183 3942 213 3988 tn
231 3944 347 4004 negotiu
363 3944 384 3991 E
401 3944 486 3992 lotoe
500 3943 610 4002 iudicio.
644 3945 717 3991 tinus
740 3959 804 4006 crgo.
855 3944 893 3995 11.
921 3944 1020 4003 vestris]
1047 3944 1070 3990 D

186 4026 224 4076 14.
260 4028 390 4088 nexisque]
426 4027 445 4074 B
474 4041 522 4076 om.
554 4042 608 4090 quc.
642 4029 742 4076 nostris.
786 4077 792 4092 ,

218 4158 233 4194 *
251 4165 416 4212 Dominotto:
435 4165 524 4214 titulus
541 4165 687 4214 honorarius
705 4165 845 4228 principum
863 4173 886 4214 et
904 4166 1068 4227 prelatorum.
1152 4227 1154 4232 ,

185 4247 271 4297 Vorslo
289 4247 374 4298 Italica
392 4247 452 4310 (M),
474 4263 498 4311 p.
518 4249 580 4299 209:
599 4249 625 4298 lo
641 4253 726 4298 nostro
748 4251 870 4311 donorio.
889 4275 918 4286 -
940 4248 1068 4308 Ouotenoe

183 4344 230 4393 pro
248 4335 277 4379 al
293 4335 325 4382 ol.
343 4346 419 4396 supro
435 4348 460 4396 p.
478 4333 502 4394 8,
520 4346 540 4380 v.
562 4333 600 4384 14.
