3320 5146
527 1183 717 1246 CAPITUM
741 1180 902 1243 SERIES.

196 1421 302 1463 onnon.
737 1415 739 1418 ·
1002 1381 1005 1387 ’
1187 1410 1254 1450 niu.

267 1493 291 1553 l.
335 1496 500 1564 Exemplum
523 1493 549 1545 in
572 1508 688 1561 persona
706 1490 864 1543 MELIBEI
885 1528 1173 1544 ..........
1239 1486 1257 1541 2

254 1594 293 1653 Il.
339 1598 388 1650 De
411 1593 662 1648 consolatione
697 1633 702 1645 .
728 1632 733 1645 .
760 1593 768 1644 .'
791 1629 1172 1643 .............
1239 1586 1256 1642 3

45 1752 49 1761 .
140 1771 143 1776 Ι
239 1696 294 1756 Ill.
340 1700 383 1751 De
404 1694 564 1765 impropen‘o
585 1695 725 1747 mulierum
760 1732 953 1749 .......
954 1745 956 1747 ,
979 1729 1172 1744 .......
1218 1687 1256 1743 12

240 1797 296 1856 IV.
341 1797 584 1864 Dewexcusatione
605 1796 764 1850 mulierum.
790 1835 795 1846 .
821 1834 827 1847 .
853 1834 858 1847 .
884 1834 889 1844 .
916 1833 921 1846 .
947 1833 952 1844 .
978 1833 983 1844 .
1010 1833 1015 1844 .
1041 1832 1047 1843 .
1073 1833 1078 1846 .
1104 1797 1113 1845 .‘
1136 1831 1141 1844 .
1167 1832 1172 1844 .
1218 1789 1257 1844 13

255 1896 295 1957 V.
340 1902 382 1953 De
405 1900 485 1952 laude
508 1897 646 1950 mulierum
666 1933 1173 1950 .................
1220 1891 1257 1948 16

242 1999 297 2057 VI.
342 2003 385 2054 De
407 1998 551 2069 prudentia
573 2032 1174 2052 ....................
1219 1975 1279 2048 20'

223 2098 295 2159 VII.
341 2103 413 2164 Quot
435 2106 464 2152 et
487 2116 547 2169 quae
571 2099 624 2152 sint
645 2100 749 2169 species
772 2097 923 2169 prudentiae
948 2137 953 2149 .
979 2137 985 2149 .
1010 2111 1025 2149 .·
1041 2134 1173 2149 .....
1219 2092 1259 2149 20

210 2201 296 2262 VIII.
341 2204 383 2255 De
406 2203 504 2254 effectu
526 2201 676 2269 prudentiae
697 2235 1174 2253 ................
1219 2194 1256 2249 21

150 2291 153 2298 ’
235 2301 293 2361 ΙΧ.
339 2305 476 2366 Quomodo
499 2302 654 2371 acquiratur
676 2301 819 2371 prudentia
854 2337 1174 2352 ...........
1220 2295 1258 2350 22

253 2401 294 2464 X.
339 2406 382 2457 De
405 2403 494 2457 studio
516 2409 545 2455 et
566 2404 696 2463 studioso,
726 2409 755 2456 et
777 2421 837 2473 quae
859 2401 913 2454 sint
934 2399 1011 2453 utilia
1032 2406 1061 2453 et
1082 2418 1175 2453 neces·

342 2505 413 2559 saria
435 2505 606 2558 studentibus
634 2539 1173 2558 ..................
1219 2499 1258 2556 23

238 2602 296 2663 ΧΙ.
342 2609 391 2660 De
418 2606 569 2660 oonsilio
604 2643 1174 2659 ...................
1219 2602 1257 2658 29

222 2704 296 2764 XII.
341 2709 383 2760 De
405 2707 446 2759 ira
467 2707 577 2759 vitando
599 2707 624 2767 in
647 2708 761 2761 consiliis
792 2743 1173 2760 .............
1219 2701 1258 2758 33

207 2803 298 2865 ΧΙΙΙ,
343 2809 384 2859 De
407 2807 555 2875 cupiditate
578 2824 625 2860 seu
644 2809 788 2877 ¹voluptate
809 2808 921 2861 vitando
941 2806 968 2858 in
990 2807 1104 2860 consiliis
1137 2845 1174 2858 ..
1219 2802 1258 2860 35

211 2902 301 2963 XIV.
345 2909 388 2960 De
410 2908 569 2961 festinantia
590 2907 702 2960 vitanda
722 2908 747 2960 in
770 2907 886 2961 consiliis
920 2946 1174 2961 .........
1219 2903 1257 2961 39

221 3004 296 3065 XV.
341 3011 384 3062 De
406 3015 509 3063 secreto
531 2985 583 3063 non
605 3010 771 3078 propalando
785 3007 835 3061 nisi
858 3013 969 3076 propter
985 3009 1174 3062 necessitatem

343 3117 372 3162 et
393 3111 536 3164 utilitatem
577 3147 1175 3163 ....................
1219 3107 1260 3164 40

211 3205 300 3268 XVI.
343 3213 387 3264 De
408 3229 461 3265 non
483 3214 650 3265 ostendenda
671 3211 810 3263 voluntate
832 3211 859 3264 in
881 3211 1019 3265 consiliis.
1045 3251 1050 3264 .
1076 3251 1082 3264 .
1107 3253 1113 3266 .
1138 3251 1143 3264 .
1168 3199 1174 3266 ζ
1219 3209 1257 3266 41

196 3307 300 3368 XVII.
344 3313 387 3364 De
409 3313 518 3366 oonsilio
541 3315 575 3367 ab
597 3312 656 3365 aliis
680 3315 796 3381 petendo
826 3350 1174 3370 ............
1219 3310 1258 3366 42
1286 3303 1289 3310 ’

175 3407 296 3468 XVIII.
341 3414 461 3474 Quorum
482 3414 621 3468 eonsilium
644 3413 680 3468 sit
700 3414 847 3470 vitandum.
1107 3481 1109 3486 Δ

367 3519 414 3576 [Do
433 3520 532 3567 vitando
551 3521 654 3567 consilio
679 3520 822 3578 stultorum]
854 3553 1175 3570 ...........
1220 3511 1259 3568 45

207 3609 299 3672 ΧΙΧ.
344 3616 387 3668 De
408 3615 517 3669 vitando
540 3617 647 3670 consilio
670 3618 841 3670 adulatorum
857 3655 1175 3670 ...........
1220 3614 1259 3670 46

222 3711 298 3771 XX.
342 3717 386 3769 De
404 3717 513 3771 vitando
534 3718 642 3772 consilio
658 3717 771 3779 illorum,
795 3718 840 3788 qui
858 3726 922 3772 sunt
940 3720 983 3774 vel
997 3718 1056 3788 jam
1067 3718 1175 3771 luerunt

343 3817 449 3890 inimici,
472 3824 501 3870 et
522 3824 619 3888 postea
640 3819 667 3872 in
687 3820 805 3890 gratiam
827 3803 962 3875 rediemut
980 3858 1175 3878 .......
1218 3793 1264 3898 44)Ι

207 3912 299 3974 XXI.
343 3919 386 3973 De
413 3919 522 3974 vitando
557 3921 666 3974 consilio
695 3921 810 3982 illorum,
845 3923 889 3992 qui
917 3941 969 3976 non
995 3938 1094 3982 amore,
1129 3923 1176 3974 sed

343 4020 436 4074 timore
457 4022 634 4076 reverentiam
657 4023 803 4075 ostendunt
825 4061 1175 4078 ............
1220 4018 1260 4076 50

193 4114 298 4176 XXII.
343 4122 386 4174 De
407 4123 647 4193 vitando-consilio
669 4123 834 4188 ebriosorum
857 4162 1175 4180 ...........
1219 4120 1259 4178 52

174 4215 297 4279 XXIII.
342 4224 385 4276 De
407 4224 515 4278 vitando
538 4225 646 4279 oonsilio
669 4225 790 4285 illorum,
821 4226 866 4294 qui
887 4233 991 4280 secreto
1018 4226 1089 4279 aliud
1113 4244 1175 4279 oon·

343 4325 445 4384 solunt,
467 4331 496 4377 et
517 4328 608 4395 polam
630 4327 702 4378 aliud
726 4345 755 4378 se
778 4327 846 4380 velle
868 4332 1014 4383 ostendunt
1043 4365 1173 4381 .....
1219 4322 1259 4380 52
