3322 5154
425 507 490 550 cer.
506 511 538 550 11.
563 508 605 548 nn
622 508 863 551 consonsmoun.
1074 501 1092 559 9

164 661 180 714 1
200 670 291 745 perat
303 662 354 745 qui
367 663 428 725 cito
442 663 595 743 judicat”‚
615 683 708 745 quare
721 664 782 726 dici
798 667 973 728 consuevit:
997 666 1091 746 Opti·

201 785 283 827 mum
301 765 437 845 judicem
457 765 611 840 existimo,
635 766 684 845 qui
704 767 765 828 cito
785 764 930 848 intelligit
953 775 985 828 et
1003 769 1092 832 tarde

167 865 338 948 3judicat3
361 887 431 929 nam
455 867 529 929 licet
551 887 637 929 mora
659 869 757 929 omnis
780 869 850 930 odio
874 869 925 942 sit,
955 889 1016 933 uon
1038 879 1092 932 ta·
1123 875 1124 880 ’

202 989 272 1031 men
290 969 321 1030 in
336 969 505 1050 judicando
520 989 606 1031 mora
621 977 801 1050 competens
821 972 1092 1050 estreprobanda3

168 1068 351 1152 5scriptum
384 1077 432 1131 est
455 1071 553 1133 euim:
588 1073 701 1134 “Mora
729 1072 827 1134 omnis
851 1072 920 1134 odio
944 1080 1009 1149 est,
1038 1075 1094 1141 sed
1111 1071 1199 1111 ruam.
1213 1070 1286 1121 ”m

1165 1123 1233 1161 ,aa
1276 1148 1282 1162 .

204 1173 280 1235 facit
303 1173 508 1253 sapientem''‚
532 1193 636 1255 quare,
668 1175 694 1234 si
717 1193 810 1254 super
833 1175 990 1254 praedictis
1013 1176 1093 1238 deli·
1111 1123 1162 1163 sm
1202 1124 1211 1162 ι
1251 1124 1278 1164 W

169 1273 313 1338 lberare
335 1274 490 1350 volumnS,
511 1295 570 1337 non
593 1285 641 1337 est
663 1275 845 1340 mirandum.
891 1277 1094 1340 “Deliberare
1111 1258 1285 1352 gsslfnsegyiyiff

205 1379 284 1441 euim
309 1377 397 1440 utilia
417 1397 504 1439 mora
527 1383 576 1439 est
598 1377 793 1452 tutissima'';
818 1377 878 1440 dici
901 1380 981 1441 enim
1004 1381 1093 1460 vulgo

169 1478 186 1530 9
205 1480 381 1542 consuevit:
405 1480 515 1541 Melior
538 1488 586 1542 est
604 1479 701 1558 judex
724 1479 838 1554 lentur,
862 1499 952 1561 quam
981 1482 1020 1544 ad
1039 1483 1094 1562 ju·

205 1583 368 1645 dicandum
392 1601 573 1662 properans,
597 1601 665 1642 nam
691 1588 722 1642 et
743 1580 810 1660 ipse
825 1583 922 1657 Deua,
947 1603 1014 1646 cum
1039 1605 1094 1658 su·
1112 1565 1253 1664 fiiiiiffii
1262 1561 1313 1662 ,1,ζῖ

153 1683 186 1737 11
205 1705 261 1766 per
279 1684 404 1746 muliere
417 1685 447 1746 in
463 1684 615 1746 adulterio
628 1682 821 1762 deprehensa
831 1683 972 1762 judicare
986 1686 1093 1761 vellet,
1106 1745 1110 1756 ,

206 1787 369 1849 scribendo
396 1786 427 1847 iu
455 1793 540 1847 terra
567 1786 615 1846 bis
646 1785 839 1846 deliberavit.
893 1787 960 1849 Nos
990 1795 1093 1850 autem

152 1887 187 1941 13
204 1896 278 1970 post
300 1887 563 1960 deliberationem,
598 1888 691 1948 dante
715 1887 862 1962 Domino,
896 1908 989 1968 super
1010 1909 1093 1969 prae·

205 1991 298 2054 dictis
321 1991 377 2052 tibi
400 1989 518 2051 utiliter
541 1988 746 2053 consulemus,
794 1981 795 1988 '

153 2092 187 2146 15
288 2093 425 2172 Juvenes
455 2110 528 2153 vero
559 2091 667 2152 conlisi
696 2091 732 2152 de
756 2092 934 2154 fortitudine
958 2112 994 2154 ac
1017 2092 1094 2155 viri-

205 2197 263 2258 bus
286 2195 349 2256 suis
373 2203 404 2255 et
427 2193 520 2255 etiam
543 2192 580 2252 de
603 2193 798 2255 multitudine
815 2193 948 2268 illorum,
972 2194 1023 2275 qui
1045 2194 1094 2256 vi·

154 2297 187 2351 17
206 2297 358 2359 debentur
380 2295 484 2370 aurici,
517 2303 590 2374 post
612 2293 726 2355 multas
749 2295 858 2357 laudes
882 2295 995 2358 domini
1017 2297 1094 2358 Mo·

205 2399 298 2461 libei
321 2417 358 2458 ac
381 2396 555 2459 divitiarum
579 2403 611 2457 et
632 2396 800 2474 parentelae
822 2396 904 2459 illius
928 2404 960 2459 et
981 2404 1092 2478 poten-

154 2501 187 2554 19
204 2500 268 2574 tia,
292 2498 511 2587 consuluerunt
532 2497 701 2559 vi'n'dictam
722 2498 752 2559 in
777 2498 946 2560 continenti
974 2500 1095 2561 facien-

207 2602 277 2663 dam
299 2609 332 2662 et
353 2620 494 2680 guerram
509 2600 628 2680 potenti
643 2619 735 2661 rnanu
748 2601 1012 2678 pertractandam,
1037 2602 1095 2664 ad·

154 2704 187 2758 21
205 2703 412 2770 versariorum
435 2701 606 2780 potentiam
637 2710 669 2762 et
692 2701 817 2763 divitias
847 2721 902 2781 pro
926 2702 1020 2765 nihilo
1044 2723 1096 2765 re-

208 2809 372 2885 putantes,
406 2803 660 2882 reprehendendo
683 2803 776 2864 etianr
799 2803 958 2882 sapientes
987 2805 1024 2866 de
1046 2805 1097 2865 in·

157 2907 299 2969 reducis
321 2914 353 2966 et
375 2905 596 2966 deliberatione
618 2906 789 2984 postulata,
818 2903 981 2984 allegando
1005 2905 1098 2967 etiam

209 3007 305 3088 quod,
339 3005 420 3069 sicut
448 3006 560 3067 ferrum
588 3005 658 3086 igne
682 3007 866 3082 calefactum
891 3014 923 3068 et
944 3006 1096 3069 candida·
1144 3075 1146 3082 ,

157 3110 191 3165 25
207 3118 271 3170 tum
295 3126 418 3186 semper
440 3107 549 3168 melius
572 3127 664 3187 quam
687 3107 829 3186 frigidum
852 3108 1022 3183 laboratur,
1052 3108 1099 3170 ita

210 3216 241 3271 et
251 3210 364 3290 injuria
382 3227 491 3270 recens
511 3207 540 3268 in
561 3209 730 3270 continenti
750 3228 873 3287 semper
885 3210 994 3272 melius
1008 3229 1098 3291 quam

242 3366 266 3416 3.
291 3365 348 3414 odio
372 3366 415 3423 sit]
441 3363 463 3411 D
487 3364 576 3410 odioso
594 3368 636 3411 cat.
672 3363 807 3424 predictis]
827 3377 874 3411 om.
890 3363 960 3413 Bou.
996 3365 1036 3415 21.
1054 3379 1100 3426 pro

209 3450 405 3513 improbanda]
419 3446 452 3497 A²
467 3449 636 3507 inprobando.
671 3449 760 3508 nihilo]
786 3448 805 3498 G
828 3451 912 3508 nulla·
940 3450 961 3496 D
982 3451 1098 3509 parvulo.

210 3537 234 3588 6.
251 3518 397 3597 sapientem]
417 3533 502 3594 codd.;
527 3532 637 3592 Oropi·
671 3535 825 3595 reputantes]
848 3531 928 3581 ΑΑἘ
951 3535 1098 3593 reputando.

209 3622 314 3670 entium.
341 3619 484 3677 deliberare]
503 3619 526 3665 A
544 3617 637 3666 delibo·
672 3619 712 3668 22.
735 3617 946 3679 reprehendendo]
970 3620 992 3666 Α
1015 3632 1099 3678 repre-

209 3707 270 3753 ruri.
298 3706 321 3754 7.
338 3705 464 3762 volumus]
483 3703 505 3750 D
524 3704 636 3751 velimus.
672 3702 811 3750 laudentes.
855 3703 886 3751 de
908 3703 1020 3762 inducia]
1038 3702 1100 3752 Bou

208 3788 484 3850 aratiunculam.
512 3787 535 3836 9.
554 3789 638 3849 quam]
672 3787 812 3848 rutilum
846 3784 904 3835 ΛΑ1
928 3787 957 3834 de
974 3786 1100 3845 induciis,-

208 3875 329 3936 Bqucm
347 3873 434 3932 luder.
482 3873 519 3921 10.
544 3874 639 3934 etipse
672 3874 695 3920 D
719 3877 742 3920 et
762 3873 872 3931 jndicio.
917 3873 956 3922 23.
981 3871 1120 3936 delibera·-

208 3961 275 4008 Dous
293 3959 359 4018 cum]
378 3958 400 4005 D
419 3957 543 4016 cumipse
562 3957 637 4007 Deus.
672 3959 750 4018 tione]
779 3958 801 4005 D
828 3958 1047 4016 deliberationem
1080 3958 1100 4004 L

211 4045 249 4094 12.
268 4044 421 4102 deliberavit]
432 4043 545 4104 sequitur
560 4043 638 4089 iuter·
672 4043 828 4090 liberatione.
856 4042 992 4103 postulata]
1013 4041 1033 4087 Α
1050 4054 1099 4098 po-

208 4125 485 4193 polarioincodieeat
507 4127 544 4177 13.
563 4141 639 4188 super
672 4128 779 4174 stellatis.

208 4266 273 4315 cedit
291 4266 378 4314 incerti
395 4264 501 4313 auctoris
514 4261 589 4310 Liber
606 4263 649 4325 qui
667 4265 739 4323 vulgo
750 4233 840 4313 dicitur
858 4262 887 4310 de
899 4261 1012 4309 Moribus
1024 4261 1102 4322 [Mar-

209 4351 255 4399 tini
273 4351 421 4410 Dnmlens.].
448 4349 539 4410 Lipsiae
559 4347 630 4397 1869.
