3320 5146
545 463 585 522 56
617 487 619 492 ·
768 477 835 520 ose.
851 479 932 522 xxm.
959 481 1000 522 on
1014 481 1215 524 exnurnsnno

546 637 596 693 est
618 651 734 707 verum,
758 632 785 695 si
807 633 841 711 inl
861 654 897 697 eo
911 635 985 698 nihil
1008 636 1219 699 immisceatur
1238 633 1472 698 adversum''.1

327 727 526 825 {tpfwm'
545 733 588 795 Et
614 735 797 797 Dominus
829 737 924 799 dixit:
959 739 1134 801 “Diabolus
1163 746 1212 800 est
1240 737 1376 798 mendox
1407 744 1440 797 et

328 832 497 935 {ww
546 844 637 916 peter
659 835 759 916 ejus''.
809 839 852 899 Et
874 838 1061 902 Salomon
1085 825 1183 902 dirici
1212 837 1344 900 “Potius
1368 836 1476 899 dili-3

548 937 667 1015 gendos
691 948 740 998 est
763 939 811 1000 fur
834 959 925 1020 quum
949 941 1094 1002 assiduus
1117 941 1148 1002 in
1171 939 1367 1001 mendacio”.

634 1036 736 1118 Super
765 1060 801 1102 eo
830 1060 904 1102 vero
934 1044 1015 1121 quod
1044 1043 1161 1122 adjecit
1189 1038 1478 1114 consentaneum,5

473 1133 475 1140 ’
548 1139 655 1203 stetim
683 1141 712 1202 in
745 1143 868 1220 negotio
891 1143 947 1204 tibi
969 1144 1129 1224 proposito
1158 1144 1312 1223 inspicere
1336 1143 1442 1216 debes,

549 1251 650 1304 utrum
672 1244 827 1322 negotium
850 1245 925 1307 illud
949 1246 998 1307 vel
1018 1246 1178 1308 consilium
1202 1241 1478 1307 consentaneuml

551 1345 593 1406 sit
615 1344 743 1419 rationi,
778 1365 816 1407 an
847 1366 917 1409 nou.
975 1347 1125 1409 Similiter
1153 1347 1307 1428 inspicere
1337 1347 1443 1420 debes,

551 1447 602 1528 qui
638 1448 836 1510 consentient
867 1449 938 1510 huic
971 1450 1096 1529 negotio
1131 1457 1163 1511 et
1195 1449 1347 1511 voluntati
1383 1445 1479 1509 tuae9

552 1556 644 1629 atque
668 1549 810 1624 consilio,·
833 1557 865 1612 et
887 1551 938 1630 qui
962 1551 1179 1615 contradicant
1207 1559 1240 1612 et
1268 1550 1387 1631 quales,
1411 1557 1445 1611 ut

553 1670 608 1731 per
637 1651 696 1712 hoe
727 1670 911 1731 cognoscas,
946 1661 1046 1715 utrum
1077 1639 1233 1733 negotium
1263 1652 1312 1713 vel
1336 1651 1443 1714 consi·
1462 1649 1495 1702 ll

552 1752 626 1814 lium
650 1754 777 1832 perduci
801 1755 902 1834 possit
921 1756 961 1817 od
980 1757 1135 1829 effectum,
1159 1775 1197 1816 eu
1216 1752 1351 1815 minime.
1390 1751 1444 1814 Si-

552 1855 667 1917 militer
685 1855 778 1917 etiam
796 1856 950 1936 inspicere
970 1877 1007 1920 uc
1027 1855 1189 1937 providere
1214 1854 1320 1929 debes,
1345 1862 1446 1916 utrum
1464 1852 1498 1906 13

552 1957 697 2018 voluntas
726 1965 781 2043 tue
814 1958 863 2019 vel
893 1959 1054 2021 consilium
1086 1956 1263 2020 consentiat
1286 1955 1446 2036 possibili-

553 2059 613 2120 tati
635 2067 706 2133 tuoe,
740 2079 779 2120 en
803 2079 874 2122 non.
931 2060 973 2121 Et
1000 2060 1030 2120 iu
1060 2057 1217 2139 predictis
1241 2057 1380 2119 omnibns
1404 2055 1449 2117 itu
1466 2055 1500 2111 15

556 2161 762 2223 examinando
792 2162 976 2241 provideas,
1018 2168 1052 2222 ut
1081 2159 1240 2239 appetitus
1269 2166 1341 2220 tuus
1370 2176 1447 2219 corr-

465 2276 470 2283 ·
557 2261 675 2324 sentiat
696 2261 820 2337 rationi,
844 2263 971 2324 utilitati
994 2282 1031 2323 uc
1054 2260 1267 2341 possibilitati.
1467 2257 1500 2321 1⁷

333 2367 458 2409 ⁰¹⁰⁶¹⁰⁰⁶
473 2365 537 2416 ΟΨ·
643 2363 744 2442 Super
766 2364 858 2426 tertio
882 2365 987 2446 verbo,
1011 2361 1092 2442 quod
1116 2359 1228 2443 subicit
1245 2360 1374 2435 Tullius,
1399 2360 1449 2421 di-

335 2419 365 2464 H’
379 2421 399 2464 ⁶'
416 2419 446 2458 η’
560 2484 634 2526 cens
656 2468 732 2543 qnid
754 2486 949 2543 consequens,
980 2464 1113 2525 sollicite
1141 2462 1305 2542 1)ῐονίἀθᾶὃ
1328 2461 1449 2522 exami'
1469 2463 1502 2516 19

560 2566 674 2639 nando,
698 2574 799 2627 utrum
829 2587 868 2628 ex
897 2566 1026 2628 consilio
1051 2563 1251 2643 consequaris
1274 2565 1387 2625 bonum
1411 2583 1450 2624 un

560 2667 685 2740 melum,
709 2675 809 2728 utrum
841 2668 943 2728 odium
974 2687 1012 2728 an
1037 2684 1183 2738 umorem,
1208 2667 1330 2744 [utrum]
1354 2665 1450 2726 tirno-
1469 2666 1502 2720 21

561 2787 687 2829 remen
711 2767 861 2847 gretiam,
896 2777 996 2829 utrum
1023 2768 1138 2847 jussu
1162 2765 1315 2844 iujuriam,
1350 2774 1452 2827 utrum

562 2887 670 2948 pacem
694 2889 733 2930 an
757 2887 914 2946 guerram,
948 2877 1049 2930 utrum
1073 2868 1237 2946 dompnum
1267 2887 1306 2928 un
1330 2866 1451 2929 utilitu—
1470 2868 1504 2922 23

599 3054 620 3101 1.
639 3053 664 3099 in
677 3054 717 3112 eo]
731 3066 778 3101 om.
790 3053 842 3102 Al).
863 3054 884 3104 7.
896 3056 990 3115 utrum]
1030 3053 1068 3104 19.
1088 3053 1147 3115 quid
1166 3054 1332 3114 consequens]
1351 3052 1458 3112 Aquod

563 3151 611 3210 om.
638 3138 668 3185 D.
720 3139 743 3187 9.
776 3141 944 3200 consentient]
974 3138 991 3185 B
1026 3152 1189 3199 consequenr;
1227 3137 1248 3184 D
1276 3137 1339 3198 quid
1370 3149 1457 3184 conse·

562 3223 711 3271 consentiat.
768 3223 804 3272 12.
832 3223 945 3284 perduci]
970 3223 992 3270 l)
1027 3225 1120 3286 qnare.
1173 3221 1280 3272 21-22.
1312 3220 1397 3268 odium
1424 3246 1455 3256 -

560 3306 677 3366 produci·
738 3308 774 3356 15.
810 3309 855 3367 ite]
884 3320 932 3356 om.
959 3307 990 3357 D.
1025 3309 1139 3368 gretiam]
1168 3309 1202 3367 A3
1244 3307 1274 3353 ul.
1303 3305 1392 3352 odium
1418 3307 1457 3352 oet

566 3391 603 3441 te.
614 3392 788 3451 examinando]
800 3405 847 3441 om.
858 3390 992 3452 A²3Der·
1027 3395 1093 3454 (out,
1118 3391 1166 3452 un)
1185 3392 1302 3438 timorem
1324 3390 1363 3436 vel
1385 3387 1456 3448 (out)

564 3477 722 3525 ominandie.
774 3479 844 3536 tuus]
882 3479 903 3524 A
935 3481 991 3524 tue.
1026 3489 1148 3525 umorem.

566 3561 604 3612 18.
641 3562 725 3620 tertio]
763 3560 782 3607 ll
817 3562 890 3608 tertio
925 3574 992 3610 cero.
1242 3565 1256 3600 Ι

565 3711 688 3765 dorum,
721 3712 736 3758 l.
762 3712 792 3772 l„
825 3711 926 3770 legitur:
968 3710 1116 3770 “Jurrusrlo,
1152 3709 1277 3772 Episcopo
1305 3707 1458 3768 Seloniteno,

506 3799 510 3804 '
565 3796 733 3848 Theudoricus
756 3796 807 3844 llex
820 3830 914 3844 ......
941 3796 1052 3842 Joenues
1078 3795 1162 3852 iraque
1192 3795 1267 3842 uetiti
1293 3806 1339 3840 nos
1367 3794 1458 3852 ellege-

564 3882 632 3928 tionc
650 3882 771 3941 pulsavit,
798 3882 952 3928 sanctitatem
975 3887 1074 3928 restrum
1101 3893 1158 3926 use
1176 3877 1305 3935 sexaginte
1323 3891 1391 3926 orcas
1411 3879 1458 3925 olei

565 3965 596 4014 od
617 3965 744 4026 implendo
770 3967 900 4014 luminaris
923 3966 1073 4024 suscepisse:
1092 3975 1196 4021 querum
1220 3964 1327 4022 pretium
1346 3963 1393 4010 sibi
1411 3975 1459 4023 po·

565 4051 643 4098 stulet
666 4056 778 4112 oportere
800 4051 906 4098 restitui.
950 4050 1052 4096 Bonum
1080 4047 1181 4109 quidem
1204 4053 1296 4106 votum,
1324 4048 1347 4093 st
1374 4051 1459 4093 tomen

565 4146 619 4181 non
636 4133 673 4181 ibi
691 4135 791 4194 ullqnld
808 4137 944 4182 misceatur
961 4123 1115 4181 adversum''.
1152 4129 1190 4178 (il.
1210 4130 1334 4186 Albertun.
1353 4132 1390 4179 De
1401 4132 1459 4180 Arte

566 4218 646 4280 Lopo.
666 4234 689 4279 p.
708 4217 797 4266 XCIX.
881 4215 1043 4276 tuosne:
1068 4214 1148 4264 “Cum
1166 4215 1278 4276 loquitur
1296 4216 1459 4275 menducium,
1480 4245 1482 4248 -

567 4317 597 4351 ex
616 4304 724 4365 propriis
743 4304 860 4362 loquitur,
879 4304 937 4362 qula
955 4303 1059 4350 mendax
1079 4305 1125 4358 est,
1144 4305 1168 4347 et
1186 4305 1255 4362 peter
1273 4293 1349 4360 ejnff.
