3322 5154
521 480 586 522 ese.
601 481 628 521 x.
661 481 702 522 nn
718 479 841 522 srunro.
1085 471 1125 532 23
1218 533 1220 538 ,

193 630 226 684 1’
315 635 448 711 Verum,
483 637 555 716 quie
588 636 671 711 dixi,
711 637 908 717 prudentiam
943 642 975 698 et
1004 655 1125 699 omnem

229 736 394 798 scientiam
422 738 540 819 acquiri
569 737 662 800 etiem
682 747 899 818 perseveranti
925 743 1040 814 studio,
1074 739 1123 800 vi-

192 837 362 901 3dendum
394 847 460 914 est,
495 840 567 920 quid
597 839 639 901 sit
660 841 806 916 studium,
842 850 886 903 et¹
903 861 970 922 quae
999 841 1062 903 sint
1084 841 1124 903 ad

229 940 365 1003 studium
387 941 476 1004 utilia
498 947 530 1003 et
551 942 742 1003 necessarie.

573 1245 712 1310 CAPUT
733 1248 776 1311 X.

268 1417 314 1483 Be
337 1415 448 1483 Studio
469 1416 512 1484 lit
534 1416 692 1500 Studiose,
720 1416 763 1485 lit
785 1418 861 1494 Quae
884 1417 958 1486 Sint
979 1417 1080 1486 Utilis

424 1518 465 1605 Et
487 1518 677 1587 Necessarie
699 1518 919 1588 studentibus.

192 1687 209 1742 5
311 1695 420 1772 Itaque
449 1694 608 1756 “studium
637 1702 687 1756 cst
708 1693 875 1755 vehemens
899 1693 992 1756 animi
1014 1693 1118 1774 appli-
1137 1691 1226 1788 ffljgfffi
1240 1694 1341 1794 gfff·

227 1797 309 1858 catio
333 1797 371 1857 ad
395 1795 529 1876 aliquem
551 1814 616 1857 rem
639 1813 758 1856 summa
781 1815 849 1856 cum
871 1794 1090 1856 voluntate”.·

191 1893 207 1946 7
310 1897 363 1958 Ad
385 1897 519 1958 studium
548 1906 650 1958 eutem
675 1902 747 1956 sunt
769 1895 871 1956 utilia:
906 1896 942 1957 in
971 1896 1118 1977 primis,

227 1999 379 2072 doctrina,
402 2005 437 2058 ut
459 2017 554 2076 supra
576 1997 651 2070 dixi,
674 1997 711 2057 de
735 2016 796 2075 qua
818 1997 969 2071 doctrine,
998 1998 1119 2075 plenius

190 2096 207 2148 9
226 2099 374 2178 scriptum
396 2098 489 2160 estin
509 2098 586 2158 libro
606 2098 654 2159 De
670 2099 784 2158 Forma
798 2097 878 2158 Vitae
900 2097 931 2158 in
955 2098 1118 2177 principie,

226 2219 315 2281 quem
338 2200 379 2260 ad
402 2198 654 2259 Vincentium
678 2199 805 2259 fratreni
828 2206 913 2259 tuum
937 2198 1047 2261 direxi.

172 2298 205 2351 11
310 2299 512 2374 Secundo,
536 2298 610 2360 utile
639 2305 689 2358 est
718 2299 866 2378 adjuvare
888 2299 1044 2378 ingenium
1065 2300 1118 2366 iu·

223 2402 401 2464 tentissime
423 2409 543 2461 curaet
566 2398 631 2460 acri
655 2419 711 2460 usu
734 2407 766 2461 et
782 2400 1005 2461 exercitatione
1013 2421 1022 2474 3
1047 2421 1130 2462 nem.

171 2502 205 2555 13
224 2502 431 2565 “exercitatio
454 2499 608 2580 ingenium
633 2507 665 2561 et
687 2508 829 2562 naturam
849 2520 932 2580 saepe
954 2501 1062 2576 vincit,
1086 2509 1118 2562 et
1135 2503 1227 2594 mg·
1237 2506 1339 2608 3252?

225 2625 297 2666 usus
321 2603 454 2664 omnium
478 2601 695 2680 magistrorum
718 2609 878 2680 praecepta
900 2602 1060 2681 superat'’.

171 2705 206 2759 15
308 2703 454 2776 Tertio,
484 2702 559 2764 utile
583 2711 633 2764 est
655 2702 803 2780 adjuvare
827 2721 916 2763 usum
944 2721 1000 2782 per
1023 2722 1117 2764 exer-

225 2806 332 2868 citium
354 2823 509 2876 manuum,
533 2811 565 2864 et
587 2803 741 2881 ingenium
763 2822 832 2864 cum
855 2821 945 2876 cura3
970 2803 1014 2863 ait
1037 2803 1116 2864 enim

173 2908 206 2961 17
225 2907 340 2972 Cato:
1016 2911 1021 2916 ’
1135 2912 1340 2966 prospectione

1135 2967 1233 3006 exertus
1257 2966 1283 3005 1..
1308 2966 1339 3007 IV
1408 2973 1410 2978 '

306 3066 416 3119 Exerce
438 3063 567 3122 studium,
590 3063 712 3132 quemvis
734 3064 887 3134 pereeperis
909 3064 1015 3117 artem..
1137 3017 1198 3056 Diri.
1213 3017 1245 3056 21.

172 3165 206 3217 19
308 3167 346 3220 Ut
368 3180 433 3218 cure.
455 3163 600 3234 ingenium,
623 3163 661 3216 sic
683 3169 713 3218 et
733 3181 829 3219 manus
851 3164 966 3234 adjuvet
988 3181 1077 3223 nsum.

224 3314 306 3376 Usus
331 3332 403 3391 ergo
427 3313 467 3373 ad
490 3310 626 3372 studium
649 3311 846 3373 necessarius
871 3319 936 3388 est,
960 3314 1011 3393 qui
1034 3332 1117 3392 prae-

172 3417 205 3469 21
224 3418 277 3478 bet
300 3414 423 3476 facilem
446 3413 527 3474 viem
552 3413 583 3473 in
607 3413 746 3490 quelibet
771 3422 858 3488 erte,
889 3414 969 3475 unde
991 3432 1118 3474 versus:
1175 3485 1177 3490 Ι

266 3577 318 3626 Ars
340 3574 390 3625 dat
411 3577 440 3625 et
455 3563 527 3624 'usus
550 3571 648 3624 habet:
666 3571 695 3624 ’si
711 3571 839 3641 junxeris
861 3570 967 3624 artibus
988 3587 1078 3632 usum,

173 3669 208 3722 23
310 3674 455 3728 Difficilem
478 3672 586 3726 facilem
609 3674 716 3742 praebet
737 3671 763 3725 in
785 3679 845 3727 arte
866 3671 947 3728 viem.

260 3873 283 3923 i.
306 3873 449 3934 inprimis]
475 3871 496 3918 D
520 3870 657 3929 imprimis.
693 3870 724 3920 0.
753 3869 790 3919 16.
809 3872 1121 3933 manuum]Amapnum‚·

230 3959 267 4008 ic.
292 3957 383 4017 direxi]
410 3957 522 4016 sequitur
543 3957 657 4016 interpc-
691 3955 714 4002 D
732 3967 847 4003 manum.
875 3960 899 4003 ct
915 3956 1053 4015 ingenium]
1073 3970 1143 4009 om,

226 4043 286 4090 letio
304 4043 330 4089 in
349 4041 433 4089 codice
450 4037 493 4090 ΑΙ,
530 4039 566 4089 m.
587 4052 657 4087 exsr-
692 4037 735 4088 Αἱ
781 4039 820 4088 22.
844 4039 971 4099 junxeris]
1000 4039 1019 4085 B
1043 4042 1121 4098 june-

226 4127 353 4185 citstione]
369 4124 387 4173 0
403 4125 580 4172 exercitatione
595 4136 657 4171 cori·
690 4125 764 4184 seris3
784 4123 794 4169 i
812 4124 936 4178 vindocin
956 4122 1122 4172 GDELvicc-
1150 4109 1152 4114 ¹

227 4213 310 4258 tinne.
359 4210 396 4262 13.
419 4210 495 4271 saepe]
520 4209 541 4255 D
564 4221 655 4267 sempe.
690 4210 734 4256 ris.

228 4296 267 4348 15.
287 4295 371 4356 nsum]
396 4306 444 4342 cru.
463 4291 491 4343 B,
535 4293 588 4356 per]
608 4304 656 4339 cm.
