3320 5146
359 505 424 548 oar.
441 509 532 548 xxxii
571 507 612 548 nn
623 507 775 551 cusroma
788 508 944 552 pensorum.
1066 503 1105 562 69

182 660 333 726 lvisione
358 685 393 726 ac
416 664 643 744 praeparatione
674 673 705 727 et
728 664 949 728 deliberatione
972 667 1107 729 maxime

218 766 412 846 sollicitaque
436 785 510 828 cura
524 767 625 827 omnia
645 785 715 828 esse
731 767 918 846 peragenda.
952 768 994 830 Et
1009 776 1105 844 certe,

183 864 199 917 3
218 889 285 931 cum
308 869 392 930 istud
406 868 566 932 consilium
586 867 709 947 planum
734 889 770 930 ac
793 877 911 931 rectum
936 869 987 945 sit,
1012 878 1044 932 et
1066 872 1105 933 ab

217 971 357 1032 omnibns
380 970 572 1051 sapientibus
601 970 707 1032 valeat
733 979 860 1051 propter
887 971 1024 1033 rationes
1047 972 1107 1034 sibi

182 1068 393 1152 5assignatas
422 1073 530 1135 merito
565 1073 774 1151 comprobari,
813 1091 880 1134 meo
914 1073 1040 1135 arbitrio
1073 1074 1105 1135 in

215 1176 323 1261 paucis
341 1176 459 1254 indiget
472 1174 698 1236 examinatione
713 1175 763 1236 vel
777 1174 982 1254 expositione.
1014 1174 1105 1246 Quod

181 1273 295 1339 lonim
319 1277 462 1339 dixerunt
485 1277 522 1338 de
545 1284 605 1350 tuae
624 1296 764 1356 personae
785 1277 927 1340 custodia
944 1278 1022 1338 bene
1045 1296 1103 1338 no-

215 1380 342 1441 tandum
365 1388 424 1441 est.

505 1633 645 1699 CAPUT
665 1634 807 1699 XXXII.

254 1789 300 1856 lle
322 1789 471 1857 Custodia
492 1790 642 1859 Persona
664 1790 703 1858 In
725 1789 851 1858 (tuorna
873 1787 1071 1856 constituta.

173 1941 194 2007 ,9
298 1947 384 2010 Scire
414 1948 494 2008 enim
522 1949 628 2022 debes,
662 1948 743 2026 quod
773 1947 824 2026 qni
846 1965 987 2025 guerram
1009 1947 1104 2008 habet

178 2051 181 2056 '
213 2049 424 2128 multipliciter
447 2069 480 2111 se
504 2049 659 2111 custodire
683 2050 785 2110 debet.

162 2144 194 2198 ll
296 2152 337 2212 In
368 2152 501 2231 primis
530 2151 623 2231 igitur
652 2151 824 2214 custodiam
852 2171 871 2212 a
899 2151 966 2212 Deo
989 2158 1101 2230 postu-

212 2253 275 2314 lare
300 2253 482 2332 suppliciter
500 2273 537 2314 ac
555 2239 665 2314 denote
681 2253 785 2326 debes,
809 2272 902 2332 aquo
917 2261 967 2314 est
989 2257 1101 2313 “omne
1120 2254 1208 2346 {ggii
1228 2254 1295 2345 {gil

160 2348 194 2403 13
212 2356 317 2416 datum
340 2354 509 2434 optimum''
534 2363 566 2415 et
588 2355 654 2416 sine
678 2354 765 2435 cujus
788 2353 903 2415 auxilio
926 2353 1001 2416 nihil
1024 2354 1101 2415 bene
1210 2334 1217 2358 ’

212 2455 298 2516 valet
315 2455 474 2531 custodiri,
498 2457 695 2536 Propheta
717 2456 775 2517 hoc
793 2463 943 2530 testante,
967 2455 1017 2535 qui
1040 2455 1100 2516 ait:

163 2555 196 2610 15
214 2556 305 2618 “Nisi
328 2557 477 2620 Dominus
502 2557 683 2618 custodierit
711 2557 880 2632 civitatem,
914 2557 1030 2618 frustra
1051 2555 1100 2617 vi·
1120 2567 1157 2606 a.
1174 2562 1276 2613 cml,
1291 2565 1308 2604 ¹·

214 2658 290 2737 gilot
313 2659 363 2737 qui
386 2659 524 2721 custodit
546 2659 646 2720 eam''.

163 2758 195 2813 17
299 2759 474 2822 Secundo
511 2761 683 2822 custodiam
706 2761 751 2822 tui
780 2761 956 2822 committas
985 2759 1101 2840 proba·

213 2864 255 2924 tis
284 2869 315 2922 et
342 2861 424 2922 notis
452 2881 488 2922 ac
517 2862 658 2923 fidelibus
689 2863 820 2938 amicis,
856 2862 981 2924 abillis
1010 2862 1101 2923 anxi·

164 2965 196 3019 19
214 2965 298 3038 lium,
323 2963 349 3024 si
377 2983 454 3042 opus
477 2970 537 3037 est,
571 2964 610 3024 ad
638 2964 683 3026 tni
707 2965 879 3026 custodiam
902 2962 1101 3043 postulando.
1382 3033 1386 3042 Ι

213 3067 271 3129 Ait
293 3065 371 3126 enim
396 3063 505 3127 Cato:
576 3073 577 3077 ’
1120 3056 1323 3149 fflwffigfflff

1122 3159 1284 3211 1V,D1·e.1o.

163 3221 196 3274 21
257 3222 394 3277 Auxilium
417 3213 434 3275 a
455 3224 526 3277 notis
548 3224 644 3294 petito.
667 3225 690 3279 si
711 3225 781 3279 forte
802 3226 921 3284 laboras,

256 3327 314 3380 Nec
337 3326 478 3396 quisquam
498 3326 592 3380 melior
612 3327 741 3387 medicus,
764 3342 845 3397 quam
866 3327 935 3380 fidus
958 3326 1070 3381 amicus.

163 3475 197 3529 23
299 3473 433 3534 Tertio
457 3473 616 3535 custodias
638 3482 669 3535 te
684 3475 722 3535 ab
742 3474 881 3535 omnibus
894 3475 1052 3536 extraneis
1072 3482 1103 3535 et

214 3573 339 3654 ignotis,
363 3574 433 3636 illos
458 3593 580 3656 semper
603 3576 814 3656 suspicando.¹
851 3574 908 3637 Ait
930 3575 1009 3637 enim
1033 3575 1102 3638 Pe·
1122 3639 1206 3677 mm
1231 3636 1321 3677 mom

163 3677 197 3732 25
214 3684 299 3738 trus
321 3675 526 3738 Alfnnsns:
552 3678 622 3739 “Ne
645 3677 836 3763 aggrediaris
851 3677 932 3739 viem
951 3698 1019 3739 cum
1042 3677 1102 3739 ali·
1121 3689 1249 3783 givoplnltigg
1265 3689 1320 3729 Gur·

248 3846 270 3895 3.
289 3848 356 3906 cum]
373 3859 419 3894 om.
432 3845 461 3893 D.
478 3845 558 3907 istud]
569 3847 639 3894 ΑΒΗ
673 3845 949 3908 stoditoam]AA¹ete.;
967 3849 1105 3910 Dotptlanl

214 3931 284 3978 illud.
320 3931 343 3980 4.
363 3932 421 3990 sibi]
441 3929 496 3990 Am
515 3931 639 3980 BODGHI
674 3934 718 3994 put
735 3933 887 3981 custodiunt.
915 3935 954 3983 29.
973 3935 1104 3996 quisquam

214 4015 259 4066 rot.
278 4014 300 4065 7.
321 4016 398 4075 enim]
413 4016 435 4063 A
450 4029 523 4077 “9⁰1¹
542 4015 639 4068 Otene.
673 4019 770 4079 melior]
790 4017 808 4067 0
827 4019 962 4080 quicquum
972 4032 1019 4070 me.
1039 4019 1104 4070 22-

216 4099 254 4148 12.
273 4101 427 4161 suppliciter]
450 4101 474 4148 H
500 4103 640 4163 suplicium
676 4102 715 4152 23.
734 4103 845 4152 modicus
857 4128 887 4138 —
901 4103 1037 4164 custodies]
1057 4117 1104 4152 om.

213 4186 235 4233 D
263 4186 423 4246 simplicium
443 4183 445 4186 ’
463 4185 489 4234 Μ
512 4188 640 4246 complice·
676 4186 704 4237 G.
732 4189 771 4238 24.
789 4188 857 4248 illos]
878 4200 925 4235 om.
944 4188 974 4235 D.
1000 4189 1038 4238 25.
1056 4189 1103 4250 Ne]

213 4274 302 4318 mole.
340 4269 379 4321 14.
397 4270 453 4331 hoc]
472 4282 520 4319 om.
538 4271 568 4318 D.
595 4273 640 4333 ait]
676 4271 773 4322 Boon.

214 4355 314 4410 Bdlxit.
332 4355 438 4407 lt-lo.
450 4357 534 4416 vigilet
544 4358 641 4420 quicu-
