3320 5146
506 521 638 563 oonsrnu
651 523 683 564 ru
697 520 812 563 sonora.
1005 500 1006 506 '
1063 514 1102 573 67

178 688 193 742 1
214 679 402 742 examinatio
423 682 509 739 reete
532 676 725 752 fierivaleat,
749 696 769 738 a
792 676 894 758 eapite
916 677 1103 759 incipiendo,

213 781 335 862 singula
356 779 566 861 dispiciamus.

178 893 196 946 3
310 881 480 946 Consilium
515 881 629 960 quippe
662 880 849 942 medicorum
891 884 928 943 de
962 882 1105 964 oyrurgia

214 993 333 1046 neotum
356 993 388 1045 et
409 985 522 1045 bonum
545 981 617 1056 suit3
646 1001 716 1043 nam
741 983 804 1044 “ad
826 981 947 1045 illorum
970 984 1103 1047 officium
1118 988 1225 1028 nasson
1241 989 1320 1039 ‹treso-

180 1092 342 1166 nspectat
371 1084 511 1146 omnibus
546 1083 695 1163 prodesse
730 1093 762 1145 et
794 1084 869 1146 nulli
903 1086 1036 1147 nocere”
1071 1040 1321 1148 etlllxlfl'·¹’⁰l·ll3

215 1195 312 1248 artem
337 1205 425 1248 suam
447 1185 580 1246 sollicite
596 1185 752 1264 prosequi,
775 1195 810 1246 nt
831 1186 989 1266 sapienter
1011 1188 1102 1249 dixe·
1119 1143 1140 1238 l}
1156 1141 1285 1236 vll-lum
1298 1151 1321 1191 μ’

180 1296 297 1353 irunt.
346 1288 524 1349 Remunera
551 1305 622 1366 ergo
652 1287 723 1348 illos
747 1285 938 1366 largissimo,
967 1295 1002 1349 ut
1023 1308 1102 1367 gau·

193 1392 325 1460 ¹denter
346 1397 439 1468 atque
463 1386 596 1450 sollicite
624 1395 722 1449 artem
752 1408 837 1450 sunm
866 1397 1102 1469 prosequentes,

181 1500 281 1558 stam
315 1511 402 1553 suam
433 1509 523 1569 quam
550 1488 620 1551 filiae
655 1496 717 1550 tuae
750 1488 892 1551 faciendo
926 1490 1103 1566 utilitatem,

214 1594 300 1655 illam
321 1592 482 1666 velociter,
506 1591 599 1651 dante
622 1590 765 1664 Domino,
789 1591 828 1652 ad
842 1591 1102 1673 sanitatemfper·

165 1709 197 1763 11
216 1697 341 1756 duoaurt.
395 1694 487 1754 Lioet
515 1692 594 1754 enim
624 1691 714 1753 amici
737 1691 782 1752 tui
805 1691 878 1770 siut,
907 1693 1102 1756 nihilominus

216 1804 320 1857 tamen
343 1802 415 1856 sunt
436 1794 662 1855 remunerandi.
716 1793 908 1872 Frequenter
939 1794 1018 1857 enim
1046 1815 1103 1858 se·

164 1912 198 1966 13
216 1895 303 1971 cidit,
326 1903 360 1956 ut
381 1894 494 1956 medici
514 1895 627 1974 aliique
656 1895 693 1955 de
723 1894 841 1956 artibus
870 1895 997 1976 singulis
1019 1916 1103 1977 prae·

216 2005 336 2079 ponant
362 1995 506 2058 amicitiae
535 1995 702 2057 utilitatem
729 1995 940 2075 pecuniariam
970 2005 1019 2072 et,
1052 1998 1105 2060 uti

166 2116 200 2170 15
217 2099 356 2162 sentiunt
377 2097 506 2173 luorum,
536 2097 579 2158 ibi
606 2095 704 2176 magis
727 2105 904 2177 procurent.
953 2099 996 2160 Et
1023 2100 1104 2178 quod
1169 2113 1171 2119 '

218 2201 281 2263 dixi
305 2202 342 2261 de
365 2198 493 2261 medicis
517 2199 676 2280 eyu·urgiae,
698 2197 780 2259 idem
802 2199 940 2280 intelligo
964 2202 1001 2262 de
1025 2220 1103 2262 oon·

165 2319 198 2373 17
217 2302 285 2364 silio
300 2301 509 2382 physicorum,
534 2301 584 2379 qui
596 2300 684 2381 quasi
707 2301 816 2362 eadem
839 2301 993 2364 dixerunt.
1023 2303 1103 2365 Volo
1122 2278 1248 2371 elffii,
1260 2289 1283 2328 ¹’'
1304 2278 1325 2325 ⁷'

215 2412 319 2464 tamen
342 2402 460 2477 audire,
483 2402 616 2483 qualiter
636 2401 793 2481 intelligas
820 2404 947 2465 verbum
970 2404 1104 2479 dubium,

166 2525 198 2578 19
217 2503 299 2584 quod
320 2505 533 2585 protulerunt,
575 2503 711 2565 scilieet:
747 2512 912 2568 contraria
936 2513 1106 2569 contrariis

217 2619 381 2670 curantur.
515 2597 517 2600 ¹

165 2729 198 2782 21
300 2712 493 2768 MELIBEUS
515 2708 691 2787 respondit:
735 2711 880 2791 Intelligo
908 2710 1106 2785 contrarium,

220 2811 301 2891 quod
323 2812 464 2872 fecerunt
485 2808 560 2870 mihi
580 2809 696 2872 inimici
717 2812 788 2888 mei,
810 2833 905 2893 posse
928 2814 1029 2875 curari
1051 2831 1108 2893 per

168 2933 202 2988 23
220 2912 305 2975 alind
327 2911 526 2990 eontrarium,
550 2911 632 2991 quod
654 2912 698 2974 eis
722 2915 825 2976 lacere
847 2914 936 2989 volo;
964 2913 1107 2994 injuriam

221 3032 292 3094 ergo
315 3014 389 3077 mihi
411 3016 528 3076 factam
555 3033 612 3094 per
637 3015 805 3078 vindictam
834 3023 943 3080 contra
963 3015 1034 3078 illos
1057 3017 1107 3077 fa-

168 3137 203 3193 25
221 3116 363 3179 ciendam
386 3125 418 3178 et
439 3115 593 3196 injuriam,
617 3135 707 3196 quam
725 3117 770 3180 eis
793 3118 917 3193 faciam,
940 3119 1065 3180 curabo.

256 3321 278 3370 2.
299 3319 469 3381 dispiciamus]
489 3318 646 3378 Adaspteio-
683 3319 721 3369 11.
741 3322 822 3380 amici]
841 3335 889 3370 om.
908 3322 938 3369 D.
960 3303 997 3372 11.
1016 3324 1109 3384 tamen]

220 3419 289 3465 mas,
307 3400 482 3463 A²despicioa
501 3405 524 3454 3.
543 3405 647 3466 quippo]
683 3420 731 3454 om.
754 3406 781 3455 G.
827 3407 866 3456 1³.
885 3407 985 3466 aliique]
1011 3407 1109 3455 111111-

220 3490 326 3538 Docto.
362 3488 402 3547 do]
421 3489 443 3535 A
461 3489 498 3538 in.
525 3490 646 3548 eyrurgia]
683 3506 742 3553 ραις
799 3488 832 3539 A²
869 3492 965 3552 aliique
1000 3492 1110 3540 doctores

141 3587 145 3596 ·
220 3571 255 3622 A¹
273 3575 402 3634 syrorum
427 3573 582 3635 Boyruqto5
609 3573 649 3622 01·
684 3576 721 3623 de.
765 3576 869 3635 artibus]
892 3575 913 3622 D
937 3578 1033 3625 ortibus
1050 3577 1111 3624 suls.

221 3661 336 3720 europem
362 3660 386 3706 A
403 3659 515 3718 citopi03
542 3659 650 3706 Detro·
686 3660 724 3711 l'l.
743 3661 910 3722 physicorum]
929 3660 963 3722 133
981 3662 1012 3710 al.
1026 3661 1111 3720 pltat-

221 3745 272 3805 9to.
308 3745 330 3791 6.
350 3743 483 3804 sapienter]
502 3743 535 3803 B;
558 3743 589 3790 ul.
607 3757 650 3790 so·
685 3744 780 3793 comm.
836 3746 874 3795 18.
898 3746 1034 3806 intelliges]
1063 3759 1110 3794 om.

219 3830 324 3888 pientes.
368 3827 391 3876 1.
408 3827 554 3887 gaudenter]
572 3824 650 3876 A²sso
686 3829 716 3878 D.
760 3829 800 3881 19.
828 3831 932 3891 scilieet]
955 3833 978 3880 A
996 3831 1111 3880 dieentes.

221 3912 355 3973 pendeant.
387 3910 410 3960 8.
428 3913 544 3972 sollicito]
563 3911 582 3958 B
599 3915 650 3960 sol·
686 3915 725 3964 21.
742 3916 832 3974 curari]
851 3914 871 3965 B
889 3929 984 3965 curare.
1007 3915 1046 3967 23.
1065 3915 1112 3974 olo]

221 3999 326 4046 licitent.
355 3994 394 4047 lo.
412 3996 530 4057 Domino]
550 3996 569 4046 (1
587 3997 648 4047 Deo.
684 3999 707 4045 D
725 4013 777 4061 eqo.

292 4162 307 4197 *
326 4167 397 4215 Dour.
416 4164 487 4224 areg.
505 4163 550 4224 1x,
569 4164 585 4212 1.
604 4164 636 4213 l.:
663 4164 763 4225 “Quum
785 4167 921 4216 anennoeto
946 4169 980 4217 sit
1003 4169 1113 4217 ollloinm

224 4253 288 4302 nulli
305 4265 401 4312 nocero,
419 4248 535 4299 omnibus
552 4253 634 4297 autem
651 4253 713 4301 vello
730 4244 861 4314 prodesso”
878 4257 935 4302 oott.

877 4343 915 4399 5*
