3320 5146
496 507 638 562 cossmro
654 509 685 549 m
700 507 829 550 ennena.
1074 499 1113 560 57

187 662 295 738 Item,
321 671 352 725 et
375 663 437 725 alia
460 664 567 738 multa,
593 683 659 743 qnoe
684 662 768 724 circa
782 665 1036 745 consequentiam
1053 687 1113 728 no-

220 763 281 826 tari
308 774 456 845 possunt,
490 785 557 846 qnae
588 765 638 826 hic
669 747 827 826 commode
859 767 1030 828 enumerari
1054 788 1113 830 non

186 865 337 928 3valent.
381 868 417 927 In
441 864 550 947 quibus
573 867 713 949 omnibus
737 867 848 926 bonum
869 866 1042 946 eligendum
1066 877 1115 930 est

221 975 253 1028 et
274 966 393 1029 utilitas
417 969 615 1041 assumenda,
650 969 719 1029 odio
744 977 776 1028 et
798 969 918 1043 timore,
949 969 1065 1048 injuria
1084 977 1115 1030 et

186 1067 343 1146 5guerra,
376 1078 407 1150 et
435 1070 504 1131 aliis
526 1070 617 1132 malis
647 1069 771 1150 penitus
796 1069 921 1149 omissi-s
945 1079 1037 1150 atque
1062 1090 1113 1132 re-

219 1170 322 1232 motis.

188 1274 203 1326 7
307 1273 408 1353 Super
431 1293 466 1334 eo
490 1292 574 1347 vero,
599 1274 679 1353 quod
699 1279 808 1354 quarto
822 1271 890 1334 loco
906 1273 1022 1352 adjecit
1036 1275 1113 1337 Tul·
1133 1280 1254 1372 fil'qwge
1271 1279 1334 1330 Offic-

131 1409 159 1460 .'
221 1374 291 1450 lius,
314 1377 461 1438 videlieet
484 1380 652 1454 exquibus
674 1383 998 1453 quaeqoepiqnontur‚
1022 1377 1113 1438 valde
1159 1361 1198 1380 ”
1242 1358 1246 1370 ’

188 1479 414 1556 9pensandum
439 1485 505 1552 est,
540 1487 574 1538 ut
598 1478 757 1539 examines
782 1478 1016 1559 unumquodque
1039 1499 1112 1541 ver·

157 1591 160 1602 ·
222 1579 292 1639 bum
327 1580 464 1655 consilii,
500 1599 537 1640 an
572 1579 737 1658 gignantur
765 1578 881 1658 aliquid
915 1579 1039 1641 virtutis
1074 1600 1113 1642 an

171 1683 203 1735 11
222 1679 300 1754 vitii,
331 1701 368 1742 an
398 1682 515 1762 aliquid
543 1673 624 1762 quod
646 1680 756 1741 merito
786 1681 899 1742 debeat
929 1682 1031 1756 vitari,
1064 1683 1114 1744 vel

222 1801 261 1844 ex
285 1803 344 1864 quo
369 1783 573 1846 commoditas
596 1782 788 1844 velutilitas
812 1781 914 1862 possit
936 1783 1029 1846 trahi.
1107 1807 1109 1812 ·

171 1886 204 1940 13
317 1885 419 1966 Super
452 1885 557 1966 quinto
593 1885 723 1964 denique
758 1882 868 1957 verbo,
909 1884 960 1949 ubi
995 1885 1113 1948 Tullius
1134 1893 1320 1935 ⁰²⁰0¹01bffl0u

223 1986 301 2048 dixit
321 2010 389 2066 quae
411 1994 558 2065 cujusque
579 1995 626 2049 rei
648 2009 744 2048 conso
764 1993 820 2058 sit,
851 1985 1015 2064 diligenter
1037 2008 1113 2069 pro·

171 2091 205 2144 15
222 2089 336 2150 videas.
360 2089 565 2151 examinando
594 2109 706 2150 causas
734 2107 845 2163 rerum,
881 2106 995 2168 easque
1024 2090 1113 2152 solli-

223 2190 283 2252 cite
306 2190 501 2272 requirendo.
545 2191 602 2252 Ait
625 2191 704 2254 enim
729 2190 896 2252 Seneca:
932 2183 1336 2274 9101318119ῗξζῗρξῇῗζῇῗξῷ

171 2296 204 2349 17
223 2291 298 2354 facti
333 2312 459 2354 causam
492 2293 612 2373 require
643 2301 689 2376 et,
724 2311 792 2352 cum
826 2291 914 2352 initia
947 2291 1112 2368 inveneris,
1133 2285 1199 2324 ΟΜ·
1218 2294 1267 2332 ⁰³⁹·
1283 2286 1300 2323 ¹·
1389 2297 1390 2300 ’

224 2395 325 2454 exitus
349 2395 534 2473 cogitabis'’,
559 2395 596 2456 de
620 2413 678 2474 quo
691 2393 777 2455 initio
801 2401 833 2454 et
855 2392 940 2454 exitu
956 2394 1034 2454 satis
1058 2395 1113 2455 tibi

172 2500 205 2553 19
224 2515 319 2575 supra
341 2495 415 2556 dixi.
470 2494 604 2558 Causam
628 2496 720 2574 igitur
742 2495 893 2576 requiras,
918 2495 1040 2556 scilicet
1064 2497 1111 2557 ef·
1132 2525 1205 2574 supra
1219 2523 1334 2572 per-ss.

223 2597 389 2671 ficientem,
420 2598 629 2671 materialem,
656 2590 819 2658 'formalem
851 2603 944 2675 atque
974 2598 1096 2659 finalem
1106 2617 1115 2672 ;

172 2703 204 2756 21
223 2697 297 2760 item
315 2718 440 2760 oausam
457 2699 658 2778 principalem
683 2707 775 2778 atque
790 2697 1027 2773 accidentalem,
1049 2718 1115 2779 quae

223 2808 330 2879 potest
364 2795 424 2861 dici
458 2800 581 2861 occasio
616 2801 719 2879 potius
752 2817 843 2880 quarn
883 2817 996 2873 causa3
1041 2801 1115 2862 item

172 2904 206 2958 23
225 2921 350 2966 causam
373 2902 544 2982 proximam
570 2910 662 2982 atque
685 2908 847 2961 remotam.

308 3002 361 3064 Ad
388 3003 446 3064 hoc
478 2989 566 3082 ergo,
596 3011 631 3063 ut
661 3001 822 3063 consilium
848 3001 926 3062 bene
957 3003 1116 3065 examines

172 3106 206 3160 25
225 3110 257 3163 et
278 3104 403 3182 negotia
425 3112 480 3164 tua
508 3104 677 3183 prudenter
698 3109 896 3183 perunctae,
932 3103 985 3163 “in
1013 3105 1117 3165 futura
1135 3098 1340 3190 lssfffpssffiggjg

224 3215 423 3285 prospectum
452 3205 577 3267 intende
607 3211 655 3279 et,
690 3225 756 3284 quae
779 3205 903 3284 possint
925 3205 1115 3285 contingere,
1136 3201 1301 3258 09111191·

173 3305 325 3366 manino
349 3313 402 3371 tuo
437 3314 550 3367 cuncta
577 3306 748 3386 propone''.
804 3305 847 3365 Et
875 3325 934 3366 non
964 3307 1062 3366 solum
1086 3306 1116 3366 in

223 3406 337 3480 futura,
372 3406 428 3467 sed
461 3407 553 3468 etiam
582 3407 610 3467 in
641 3407 802 3486 praeterita
824 3407 984 3468 intendere
1008 3407 1114 3468 debes.

171 3515 204 3569 29
222 3505 278 3567 Ait
301 3506 380 3568 enim
404 3507 573 3582 Seneca,
605 3508 651 3568 De
674 3508 820 3570 Formnla
842 3509 990 3570 Honesta
1014 3508 1115 3568 Vitae:
1137 3521 1329 3561 uounusvum-

260 3665 281 3708 l.
302 3663 375 3721 circa]
395 3663 506 3722 Aenum·
526 3664 654 3711 [ludcee-
689 3663 758 3714 dum.
804 3661 843 3712 ll.
862 3675 892 3710 au
910 3662 1017 3724 aliquid]
1043 3661 1119 3709 Boot
1191 3656 1193 3662 ’

223 3751 285 3793 tam.
323 3748 535 3809 consequentiam]
555 3748 574 3794 B
593 3761 654 3795 eon·
688 3747 796 3808 aliquid.
811 3748 892 3806 vitari]
905 3746 1003 3794 Ootcte'.
1024 3745 1062 3794 16.
1074 3760 1118 3794 cu·

223 3834 367 3893 sequanum
395 3837 416 3880 Α
439 3833 653 3882 conuenientium.
685 3834 789 3894 jusque]
833 3829 865 3879 A²
904 3833 1119 3892 uniuscnjusque,

223 3919 315 3977 notari]
335 3913 369 3964 A²
387 3918 482 3964 vocari.
519 3917 542 3966 2.
561 3916 611 3976 hio]
632 3917 654 3964 K
689 3917 827 3978 Gejueque
852 3918 922 3979 piretu
946 3930 1050 3963 consum
1077 3931 1117 3962 re·

223 4002 267 4047 elo.
311 4002 333 4049 3.
360 4002 452 4060 valent]
486 4001 508 4048 D
534 3997 653 4049 colerent.
688 4004 793 4064 qutrere.
824 4001 876 4070 ,¹9·
903 4003 986 4060 initio]
1007 4002 1028 4047 D
1046 4001 1119 4048 vitio.

225 4088 247 4134 5.
266 4087 377 4146 omissis]
398 4087 419 4132 D
438 4087 561 4133 obmissis.
581 4086 603 4134 8.
623 4099 653 4134 ex
692 4088 729 4137 19.
749 4087 952 4147 dixi]Decre'pst.
973 4086 1011 4135 23.
1030 4086 1119 4148 proxi-

224 4172 483 4233 quihnsqnaequc]1)
503 4185 532 4218 en
549 4171 655 4232 quibus·
690 4173 764 4232 mam]
784 4171 803 4218 Β
819 4171 947 4230 propium.
982 4170 1021 4219 19.
1041 4169 1117 4229 euim]

223 4246 337 4316 conquat
356 4254 391 4304 A’
410 4269 464 4318 qno
482 4271 510 4304 en
529 4255 653 4304 omnibus.
690 4270 737 4304 orn.
756 4257 782 4304 B.
818 4256 893 4315 Vita]
912 4254 1009 4302 om.'D.

224 4341 432 4402 spontaneum]
458 4342 475 4388 B
498 4354 654 4401 perpensan-
