3320 5146
442 507 544 550 nrcrun
558 509 706 551 rosunum
720 508 888 551 Possumus.
1047 502 1106 558 117

185 659 391 737 laudantes,
426 674 497 744 post
524 665 651 727 multam
678 665 908 745 indagationem
937 674 969 728 et
990 667 1105 747 praedi-

219 775 337 827 ctarum
360 785 460 827 rernm
484 765 670 846 diligentem.
692 767 969 844 examinationem,
999 769 1104 830 consi·
1166 812 1168 819 ι

184 864 291 928 3lium
314 868 351 929 de
374 868 644 943 reconciliatione,
676 869 841 932 concordia
869 877 900 930 et
923 889 999 949 pace
1022 870 1103 931 faci·

218 970 298 1030 enda
320 970 523 1033 laudaverunt
546 980 577 1033 et
599 972 782 1033 unanimiter
804 971 1062 1051 approbaverunt.
1113 1007 1119 1016 ·
1197 986 1200 993 ·

182 1069 199 1122 5
299 1072 517 1133 Prudentia
550 1072 609 1152 hijs
643 1073 756 1134 auditis
790 1081 822 1134 et
855 1071 1017 1151 diligenter
1048 1092 1103 1134 co-

218 1175 310 1252 gnitis
333 1175 392 1235 ait:
418 1173 548 1253 Semper
570 1174 673 1260 audivi
695 1175 773 1256 dioi;
808 1174 890 1254 quod
912 1173 988 1235 bene
1013 1161 1102 1254 potes

182 1273 330 1350 lfacera
354 1276 415 1336 noli
443 1275 575 1349 differre,
604 1275 732 1357 ideoque
763 1275 900 1348 consulo,
935 1283 968 1335 ut
997 1276 1102 1337 statim

216 1378 280 1450 fiat,
313 1378 394 1457 quod
417 1384 488 1456 post
508 1376 624 1460 multas
653 1397 754 1438 moras
785 1378 850 1438 fieri
874 1376 1009 1438 deberet.
1060 1378 1104 1438 Et

76 1502 79 1508 ·
180 1478 260 1540 9sic
284 1479 321 1540 de
345 1495 497 1539 consensu
521 1478 652 1539 omniurn
676 1479 762 1540 missi
781 1479 905 1564 fuerunt¹
926 1478 1023 1539 nuntii
1047 1499 1101 1541 sa-

207 1569 335 1662 pientes
358 1599 413 1660 pro
436 1581 622 1642 adversariis
645 1581 820 1662 pradictis,
854 1579 905 1660 qni
927 1579 987 1641 illis
1011 1582 1101 1643 dixe-

165 1682 194 1735 11
214 1691 299 1744 runt:
335 1691 378 1755 ut,
402 1682 428 1743 si
452 1682 556 1762 placet
576 1681 650 1757 illis,
680 1683 720 1744 ad
742 1683 903 1762 praefatam
928 1700 1099 1763 congrega·

212 1779 349 1856 tionem,
394 1803 489 1845 causa
523 1785 754 1863 compositionis
790 1793 882 1863 atque
916 1784 1100 1859 concordia,
1196 1797 1205 1816 ·

162 1887 195 1940 13
214 1886 297 1948 nulla
325 1885 472 1948 dilatione
496 1886 645 1962 adhibita,
680 1905 747 1948 cum
765 1883 957 1965 'juratoribus
980 1885 1099 1948 idoneis

212 1986 317 2048 venire
340 2007 399 2048 non
423 1995 623 2067 postponant.
667 1986 729 2058 oui
753 1988 881 2065 benigne
904 1988 1098 2066 responden-

159 2090 193 2144 15
212 2097 261 2150 tes
290 2095 322 2150 et
351 2089 467 2168 gratias
496 2089 610 2150 nuntiis
640 2096 786 2169 agenteS,
821 2097 1006 2168 rogaverunt
1034 2109 1099 2165 eos,

211 2197 246 2251 nt
273 2189 395 2268 domino
423 2190 594 2251 Melibeo
625 2191 750 2271 ejusque
782 2190 1012 2270 congregationi
1042 2209 1095 2252 re-

160 2293 192 2348 17
211 2292 338 2364 ferrent,
367 2301 400 2352 se
424 2290 530 2352 statim
552 2300 709 2366 venturos,
744 2300 775 2354 et
804 2311 906 2353 eorum
930 2292 1096 2372 praeceptis

186 2412 244 2453 ·se
267 2393 332 2453 fore
354 2392 384 2452 in
408 2391 546 2476 omnibus
570 2401 602 2454 et
623 2413 679 2474 per
697 2394 799 2455 omnia
812 2393 935 2455 obedire
957 2401 1095 2472 paratos.

159 2499 192 2553 19
295 2491 370 2556 Cum
393 2502 496 2555 antem
518 2495 621 2557 venire
637 2495 763 2569 vellent,
786 2515 865 2557 unus
882 2513 984 2556 eorum
1001 2494 1094 2555 dixit:

209 2593 374 2656 Faciamus
408 2603 439 2657 et
472 2615 528 2658 nos
566 2597 832 2677 congregationem
867 2613 1028 2674 magnam,
1062 2604 1096 2658 nt

157 2702 190 2756 21
210 2715 277 2756 oum
310 2697 425 2758 honore
461 2698 500 2757 ad
533 2697 602 2758 illos
637 2698 831 2760 accedamus.
898 2696 988 2759 Alius
1021 2716 1094 2758 vero

210 2796 304 2858 dixit:
349 2798 417 2859 Hoc
440 2798 592 2873 faciendo,
620 2817 707 2860 mora
728 2800 843 2861 factum
872 2805 1010 2880 nostrum
1034 2798 1094 2881 cito

157 2906 191 2961 23
207 2898 381 2977 impediret,
405 2919 475 2960 nam

207 3058 382 3128 Quaecunque
403 3075 496 3128 aequor
517 3058 610 3119 habet,
633 3039 800 3130 quaecunq'ue
828 3059 948 3130 pericula
969 3061 1050 3114 tellus
1110 3040 1312 3140 ἓξῗᾞξξζοξῇ

156 3159 190 3213 25
291 3160 357 3214 ‘l'am
378 3162 467 3232 longao
489 3176 586 3215 causas
609 3161 731 3228 suspicor
751 3177 812 3213 esse
833 3178 933 3222 morae3

178 3293 182 3300 '
207 3308 301 3368 quare
324 3290 461 3364 consulo,
486 3298 519 3351 ut
542 3290 607 3353 sine
630 3310 717 3352 mora
738 3290 796 3351 hoc
819 3290 981 3364 faciamus
1012 3292 1092 3371 quod

155 3398 188 3451 27
207 3390 276 3451 aliis
299 3390 426 3469 placuit.
481 3392 524 3454 Et
551 3393 597 3454 ita
624 3395 730 3454 statim
761 3412 828 3453 cunr
846 3393 1037 3471 juratoribus
1061 3400 1093 3454 et

205 3491 315 3570 paucis
344 3490 412 3552 aliis
441 3493 551 3556 devote
580 3495 618 3555 ad
649 3494 763 3555 curiam
794 3493 907 3555 domini
930 3494 1092 3556 Melibei

145 3601 186 3654 <29
205 3601 416 3656 accesserunt.

241 3748 262 3797 l.
281 3750 348 3810 post]
366 3749 386 3797 Ε
406 3753 501 3808 proter.
530 3751 631 3810 indaga·
667 3750 752 3810 sarisa]
777 3749 798 3796 D
822 3761 903 3796 aenou.
942 3748 977 3798 ll.
1005 3756 1040 3809 ut,
1059 3750 1091 3810 si]

204 3834 307 3893 tionem]
336 3833 390 3895 Bm
416 3834 447 3882 al.
471 3835 630 3894 indignatio·
666 3849 714 3884 cm.
732 3836 762 3883 1).
803 3834 893 3896 placat]
913 3828 992 3880 AA'E
1006 3835 1091 3892 ploce·

203 3931 268 3966 nem.
314 3919 336 3966 2.
363 3919 515 3979 diligentem]
534 3933 582 3968 om.
600 3921 629 3968 Ε.
664 3925 707 3968 ret.
738 3921 775 3970 ll.
793 3919 906 3978 benigue]
926 3912 960 3965 A’
979 3916 1091 3977 benigni·

204 4003 226 4052 3.
247 4005 317 4065 pnes]
336 4003 358 4051 D
375 4006 463 4068 fucere.
483 4005 506 4053 4.
525 4010 549 4051 at
565 4017 629 4052 una·
664 4009 722 4052 tate.
761 4005 797 4052 15.
818 4001 930 4062 agentes]
946 4002 965 4048 B
984 4001 1089 4049 reddea-

203 4088 312 4148 nimitcr]
332 4087 364 4146 B3
382 4089 413 4135 al.
427 4090 588 4137 unaminiter
598 4094 628 4136 ct.
664 4091 754 4137 tesval
776 4091 883 4148 agentes.
923 4086 960 4135 16.
988 4099 1091 4146 congre·

204 4171 226 4219 7.
246 4172 352 4233 differre]
372 4174 629 4236 aequiturinterpola-
663 4171 966 4234 gationi]Dcoynnttont.
986 4170 1024 4220 22.
1043 4169 1090 4218 hoc

204 4259 239 4304 tio
257 4258 283 4304 ln
301 4257 354 4306 cod.
374 4252 416 4305 ι’.
445 4258 467 4307 8.
487 4260 588 4319 multas]
599 4259 627 4308 B.
664 4257 783 4307 saciando.
811 4257 889 4316 mora]
908 4256 931 4303 D
949 4256 1000 4302 toeo
1017 4267 1090 4302 mora

203 4340 312 4400 deberat]
339 4341 382 4389 BD
407 4341 482 4390 debet.
518 4343 541 4393 9.
568 4356 629 4392 con·
661 4337 1089 4406 sactead051t²om.totfacteadn.
