3322 5154
503 490 590 550 .10
680 545 685 553 ,
775 499 1211 547 GAP.11.nln001tsonA'r10rtll.

549 676 588 719 ex
610 655 772 719 intervallo
795 655 979 719 vindicetur.
1021 656 1106 720 Tune
1125 676 1198 719 vero
1222 656 1310 737 quasi
1334 657 1474 720 omnesl

450 812 453 817 .
549 777 618 819 eum
656 777 766 839 magno
800 758 933 848 strepitu
973 758 1201 821 clamaverunt:
1263 759 1334 835 Sic,
1377 759 1438 834 sio,

530 861 615 934 liat,
637 860 702 922 liat.
1456 861 1474 914 3

631 962 716 1024 Tunc
751 961 882 1042 denique
909 979 987 1024 unus
1022 963 1059 1025 de
1094 962 1265 1027 senioribus
1298 962 1437 1025 indicens

548 1083 640 1139 manu
653 1063 817 1131 ¹silentium
841 1064 877 1125 de
902 1083 1055 1126 consensu
1078 1071 1109 1127 et
1131 1065 1291 1127 voluntate
1308 1064 1472 1128 aliorum5

548 1159 666 1257 senium
694 1165 788 1228 dixit:
829 1164 920 1228 Multi
949 1165 1087 1228 clamant
1114 1174 1174 1241 sie,
1203 1174 1263 1241 sie,
1298 1167 1347 1246 qui
1375 1166 1437 1227 vim

546 1269 709 1433 verborop
740 1267 882 1329 nesciunt
905 1274 937 1329 et
959 1269 1040 1348 quod
1070 1268 1176 1334 dicunt
1198 1267 1322 1348 penitus
1345 1268 1471 1348 igno-7

546 1379 627 1435 rant.
705 1370 828 1433 ,indicte
857 1378 941 1431 oerte
970 1378 1004 1431 et
1031 1389 1152 1450 guerra,
1182 1390 1248 1451 quae
1279 1370 1375 1433 oritur
1398 1389 1447 1431 ex

547 1493 595 1548 ea,
617 1483 680 1535 tam
704 1473 823 1552 largum
845 1471 962 1535 habent
982 1473 1153 1547 introitum,
1176 1479 1211 1533 ut
1228 1472 1347 1535 initium
1370 1471 1437 1551 ejus
1455 1474 1490 1556 9⁴·

547 1575 673 1638 cuilibet
694 1582 814 1654 patent,
837 1574 905 1635 linis
929 1561 1104 1638 vero'illius
1128 1594 1195 1637 oum
1218 1593 1331 1654 magna
1352 1569 1443 1635 difli·'

547 1678 663 1740 cultate
677 1684 718 1738 et
740 1677 792 1738 vix
820 1685 874 1739 aut
896 1696 1049 1758 nunquam
1072 1677 1235 1756 reperitur.
1290 1675 1382 1737 Multi
1403 1675 1435 1736 in
1454 1679 1485 1733 11

461 1777 464 1782 ’
546 1778 696 1860 principio
718 1795 835 1859 guerrae
850 1780 984 1844 nondum
998 1779 1064 1842 nati
1078 1787 1161 1853 sunt,
1185 1778 1322 1860 quiante
1345 1779 1435 1840 finem

545 1881 628 1944 illius
652 1899 720 1943 cum
750 1881 846 1942 multo
869 1881 975 1943 labore
998 1901 1034 1943 ae
1062 1880 1167 1943 multis
1191 1880 1355 1960 aerumpnis
1382 1887 1437 1942 eut
1454 1883 1488 1939 15

547 1989 714 2045 senescunt
741 1990 795 2045 eut
821 1982 1039 2045 miserabiliter
1068 1989 1197 2063 propter
1226 2000 1367 2062 guerram
1388 1981 1436 2043 vi-

477 2168 479 2173 *
545 2091 609 2146 tam
622 2085 741 2147 finiunt.
776 2083 880 2156 Quare
896 2104 956 2146 non
980 2091 1029 2147 est
1051 2084 1153 2146 subito
1170 2103 1226 2146 neo
1249 2084 1436 2147 festinanter
1452 2087 1486 2142 17

323 3313 491 3363 doemonicae,

325 3364 397 3414 xxll,
411 3365 430 3404 fl.

544 2186 791 2267 procedendum3
826 2187 883 2248 sed
917 2205 985 2248 oum
1020 2185 1160 2265 diligenti
1192 2185 1369 2265 provisione
1403 2195 1436 2247 et

545 2287 772 2368 preparatione
801 2307 838 2350 uo
867 2286 1089 2350 deliberatione
1118 2287 1253 2349 maxime
1281 2286 1436 2349 sollicita·
1455 2291 1488 2346 19

546 2409 604 2470 que
628 2408 702 2450 cura
724 2389 827 2451 omnia
849 2397 922 2451 sunt
942 2389 1132 2470 peragenda.
1179 2387 1316 2468 Cumque
1339 2387 1436 2449 vellet

546 2490 661 2552 dietum
690 2510 778 2552 suum
807 2490 978 2554 rationibus
1002 2491 1215 2569 comprobare,
1240 2492 1303 2576 lere
1328 2510 1434 2553 omnes
1451 2497 1484 2551 21

546 2600 655 2655 contra
675 2592 760 2656 illum
782 2592 931 2660 insultare
954 2600 1121 2678 *ooeperunt
1148 2593 1322 2672 dictumque
1346 2610 1434 2652 suurn

545 2694 722 2774 frequenter
749 2693 972 2773 interrumpere
1003 2693 1161 2767 dicentes,
1183 2700 1228 2753 -ut
1256 2693 1351 2754 verba
1378 2711 1435 2754 sua
1452 2700 1487 2754 23

545 2804 622 2856 oum¹
635 2794 834 2857 festinatione
852 2795 964 2870 finiret,
988 2795 1163 2875 dictumque
1186 2793 1243 2855 fuit
1263 2793 1325 2855 illi:
1350 2793 1434 2856 “Ubi

544 2916 605 2958 non
627 2903 676 2958 est
698 2895 833 2971 auditne,
861 2916 921 2959 non
945 2896 1084 2958 effundas
1108 2914 1291 2970 sermonem,
1316 2903 1348 2956 et
1369 2895 1429 2956 im·
1448 2903 1483 2958 25

543 3005 675 3078 portune
698 2997 760 3059 noli
783 2998 891 3060 extolli
913 2997 942 3059 in
966 2997 1121 3077 sapientie
1142 2997 1230 3072 tua'’,
1257 2997 1434 3075 importune

543 3107 593 3161 est
622 3098 701 3160 enim
729 3099 866 3161 narratio
894 3107 965 3173 tua,
1000 3098 1071 3178 quia
1104 3099 1161 3160 tibi
1188 3115 1249 3160 non
1278 3098 1433 3176 praebetur
1450 3106 1484 3160 27

543 3201 677 3279 auditus,
700 3208 733 3262 et
755 3208 804 3263 est
827 3200 915 3281 quasi
936 3208 1057 3264 musica
1086 3208 1121 3262 in
1143 3206 1244 3276 lucrm
1277 3200 1323 3262 ait
1351 3199 1431 3260 enim

542 3303 563 3364 J
570 3301 686 3364 hesus
710 3302 839 3366 Siren:
863 3303 1008 3364 “Musica
1025 3302 1056 3364 in
1069 3303 1155 3364 luctu
1166 3295 1343 3382 importuna
1354 3315 1430 3363 nar·-
1448 3311 1481 3364 29

541 3403 653 3465 ratio'’.
706 3402 782 3466 Ourn
811 3410 914 3465 nutem
938 3403 1041 3466 senior
1067 3403 1216 3478 vidisset,
1246 3403 1305 3464 sibi
1332 3402 1430 3464 dene·
1460 3397 1461 3402 ’

542 3507 608 3587 geri
621 3505 820 3580 audientiam,
844 3513 876 3567 et
890 3513 1103 3584 cognosceret,
1127 3505 1198 3586 quia
1218 3504 1315 3566 invito
1339 3504 1429 3565 audi·
1449 3504 1481 3568 31

541 3608 601 3671 tori
623 3625 712 3669 nemo
735 3608 812 3688 bene
835 3607 941 3680 refert,
962 3595 1044 3669 vdixit
1064 3605 1141 3668 illis:
1175 3605 1356 3668 Inconsulta
1378 3614 1430 3666 te-

541 3709 668 3772 meritas
697 3709 798 3771 nesoit
831 3715 998 3787 expectare
1032 3705 1209 3780 eonsilium,
1243 3715 1275 3769 et
1301 3707 1429 3769 iterum:
1447 3717 1481 3772 33

576 3879 600 3930 2.
618 3880 654 3928 sio
666 3904 694 3912 —
705 3880 759 3939 flet]
772 3877 793 3924 D
804 3878 848 3938 ete,
864 3878 899 3926 ste
908 3875 969 3940 fiat,-
1003 3875 1026 3926 6.
1044 3877 1152 3935 senium]
1161 3872 1338 3926 Neronum.
1356 3874 1380 3924 9.
1391 3876 1429 3934 ut]

541 3959 615 4011 ldae
636 3964 672 4010 eie
694 3963 747 4026 fini,
769 3962 830 4026 fint5
855 3961 928 4010 Feie
946 3966 969 4010 et
1004 3961 1078 4010 uait.
1099 3960 1188 4020 ll.ln]
1200 3973 1248 4008 orn.
1259 3959 1285 4008 B.
1310 3959 1429 4021 liquid]

541 4049 592 4106 ste,·
620 4047 704 4110 (isit,
731 4049 778 4106 sit,·
805 4030 894 4108 Heia,
917 4047 968 4106 eim·
1002 4045 1025 4092 D
1044 4044 1153 4106 quando.
1180 4045 1219 4094 30.
1238 4045 1331 4104 senior]
1350 4044 1373 4091 D
1390 4057 1429 4091 ee-

541 4134 564 4180 A
583 4145 630 4180 om.
669 4132 738 4181 Tune
760 4145 819 4180 uero
843 4133 917 4194 quasi
936 4156 967 4167 -
1001 4142 1057 4177 nee.
1081 4129 1121 4179 31.
1134 4129 1319 4191 quiunquam
1339 4127 1429 4179 ³21⁶-

541 4217 577 4264 rte
593 4216 648 4282 fiat.
691 4216 716 4266 4.
734 4215 851 4279 denique]
867 4215 887 4264 B
901 4229 967 4265 vero.
1002 4211 1060 4277 lert]
1079 4213 1102 4278 D
1120 4213 1221 4263 rermtit.
