3322 5154
585 463 604 523 2
641 473 645 482 ·
716 473 782 517 aar.
797 474 815 514 1.
848 473 1016 516 exauratam
1032 471 1364 517 rurrauomruamam.

939 698 1078 802 CAl’UT
1099 701 1124 762 I.

748 851 934 938 Exemplum
954 849 994 918 ln
1015 851 1159 921 Persona
1179 852 1316 920 llelibei.

671 1008 803 1081 Quidam
821 1009 957 1089 juvenis,
981 1009 1179 1072 Melibeus
1198 1010 1331 1086 nomine,
1349 1011 1397 1072 vir
1414 1031 1475 1092 po·
1495 1014 1511 1068 1

586 1121 656 1173 tens
690 1119 722 1172 et
754 1111 857 1186 dives,
887 1110 1063 1190 relinquens
1097 1129 1224 1172 uxorem
1258 1120 1289 1173 et
1322 1111 1415 1174 filiam
1444 1112 1475 1174 iu

586 1214 696 1288 domo,
720 1233 796 1294 quas
824 1211 953 1274 multum
981 1211 1140 1292 diligebat,
1176 1213 1282 1274 clauso
1312 1214 1391 1275 ostiu
1415 1213 1511 1275 d0·3

585 1335 664 1390 mus,
686 1314 742 1376 ivit
765 1315 944 1394 spatiatum.
979 1314 1056 1375 Tres
1079 1332 1151 1375 vero
1176 1313 1223 1375 sui
1244 1314 1337 1376 vieini
1361 1324 1393 1377 et
1414 1317 1474 1377 ho·

587 1424 653 1478 stes
676 1415 793 1495 antiqui
815 1416 874 1478 hoc
894 1416 1047 1491 videntes,
1071 1415 1224 1495 appositis
1248 1416 1343 1478 scalis
1366 1438 1403 1479 aa
1421 1421 1512 1498 pera

586 1519 740 1580 fenestras
764 1516 871 1579 domus
890 1517 1055 1591 intrantes,
1078 1535 1205 1578 uxorem
1221 1517 1358 1594 Melibei,
1381 1520 1475 1581 Pru·

587 1618 757 1681 dentiam
781 1617 914 1694 nomine,
937 1620 1179 1680 verberaverunt
1196 1619 1318 1682 fortiter
1340 1628 1382 1696 et,
1405 1620 1510 1682 filiaeu

588 1721 654 1800 ejus
677 1720 778 1800 plagis
801 1720 932 1800 quinque
956 1719 1120 1799 appositiS,
1142 1719 1290 1782 videlicet
1311 1721 1342 1782 iu
1366 1721 1475 1797 oculis,

587 1823 723 1897 auribus,
747 1840 799 1883 ore
823 1830 854 1882 et
876 1841 952 1883 uaso
975 1840 1012 1882 aa
1035 1821 1187 1898 manibus,
1210 1822 1356 1903 illamque
1379 1823 1474 1885 semi·
1494 1826 1511 1878 9

411 1987 413 1998 ,
484 1953 486 1958 .
586 1925 688 1987 vivam
710 1922 930 2002 relinquentes,
954 1921 1106 1985 abierunt.

615 2169 617 2174 -
670 2126 867 2189 Melibeus
896 2145 968 2187 vero
997 2132 1070 2206 post
1092 2127 1215 2188 mudum
1237 2145 1391 2202 reversus,
1416 2127 1474 2191 hoc
1494 2130 1527 2184 11

589 2229 697 2292 videns
728 2226 823 2308 eoepit
851 2244 961 2306 magno
995 2227 1125 2307 planctu
1153 2227 1254 2290 flenda
1284 2247 1389 2310 comas
1419 2228 1477 2291 sibi

589 2328 739 2393 dilaniare
761 2336 927 2409 vestesque
951 2347 1023 2390 suas
1047 2327 1135 2409 quasi
1156 2347 1240 2391 more
1263 2329 1371 2392 furiosi
1394 2329 1476 2392 dila·
1495 2333 1529 2386 13

589 2447 706 2494 serare.
750 2429 836 2494 Uxor
858 2437 961 2492 autem
980 2431 1046 2510 jam
1070 2430 1165 2505 dieta,
1189 2439 1224 2492 ut
1244 2438 1376 2506 taceret,
1408 2451 1474 2493 eoe-

587 2532 633 2613 pit
653 2532 739 2593 illum
761 2530 915 2592 instanter
937 2549 1122 2596 ammonere.
1177 2531 1233 2593 Ille
1255 2551 1328 2594 vero
1353 2552 1475 2613 semper
1492 2535 1526 2589 15

585 2633 656 2714 plus
679 2632 836 2694 clamabat
844 2651 852 2707 ;
887 2641 921 2694 at
946 2631 1001 2702 illa
1028 2632 1149 2695 distulit
1175 2633 1397 2714 aliquantulum
1421 2654 1474 2697 re·

586 2735 716 2798 cordata
738 2734 776 2796 de
798 2735 892 2796 verbo
915 2733 1062 2809 Ovidii,
1094 2735 1141 2796 De
1164 2735 1313 2798 Remedio
1336 2735 1473 2811 Amoris,
1492 2738 1526 2793 17

584 2838 634 2919 qui
657 2834 754 2898 dixit:

365 3006 567 3099 gssddmwss]
627 3013 694 3077 Quis
715 3017 838 3072 matrem,
861 3010 912 3064 nisi
933 3011 1030 3065 mentis
1053 3011 1140 3083 inops,
1162 3013 1189 3067 in
1211 3013 1305 3068 funere
1327 3013 1384 3067 nati
1491 3008 1524 3060 19

367 3111 386 3156 ¹·
402 3120 424 3150 v.
440 3111 534 3149 ΝΜ·
689 3115 766 3168 Flere
787 3111 880 3168 retati
900 3129 954 3166 non
975 3114 1027 3167 hoc
1048 3113 1096 3169 illa
1115 3118 1248 3170 monenda
1267 3117 1326 3169 loco
1347 3122 1400 3170 est.

628 3216 695 3269 Cum
717 3214 820 3269 dederit
840 3215 964 3270 lacrimas
987 3214 1157 3288 animumque
1178 3217 1329 3288 impleverit
1349 3234 1462 3289 mgnum,
1490 3211 1523 3264 21

690 3318 738 3373 Ille
761 3317 837 3370 dolor
856 3316 944 3372 verbis
966 3319 1159 3374 emoderandus
1181 3319 1240 3373 erit.

511 3504 513 3508 ⁵
619 3517 642 3567 3.
660 3515 736 3574 ostio]
755 3513 775 3561 B
793 3514 883 3565 hoello.
924 3514 947 3563 6.
965 3515 1012 3562 do·
1047 3516 1086 3568 15.
1113 3517 1261 3575 ammonere]
1293 3516 1316 3563 D
1347 3527 1473 3562 amouere.
1499 3542 1501 3546 -

585 3602 651 3661 mus]
670 3612 718 3649 om.
736 3599 767 3648 D.
808 3599 830 3648 7.
854 3599 921 3660 filla]
941 3598 960 3646 B
977 3599 1010 3662 fl·
1044 3614 1141 3664 semper
1158 3601 1227 3663 plus]
1251 3599 1270 3646 B
1290 3601 1348 3661 plue
1369 3613 1472 3659 semper.

584 3687 656 3734 llum.
696 3684 719 3735 8.
743 3683 832 3743 oeulis]
850 3683 873 3732 D
891 3685 1011 3732 ocularet
1047 3684 1329 3746 tantumtantum.
1362 3685 1402 3737 m.
1420 3697 1470 3732 non

583 3784 639 3819 aar.
667 3769 690 3819 9.
709 3769 760 3828 ore]
779 3781 827 3817 om.
845 3768 877 3818 Ι).
898 3768 935 3818 ll.
954 3782 1010 3817 vero
1044 3771 1091 3819 hoe
1108 3771 1152 3819 illa
1169 3769 1291 3818 monenda
1308 3771 1362 3818 loca
1381 3768 1470 3828 est]A

582 3860 641 3918 post
657 3852 768 3914 modum]
787 3849 864 3901 mom
878 3857 936 3911 post
953 3866 1009 3900 mo·
1043 3868 1092 3906 om.
1110 3859 1158 3917 ειη
1176 3853 1196 3902 Β
1214 3855 1323 3902 aonios
1337 3858 1372 3901 est
1389 3855 1405 3902 l.
1423 3854 1470 3900 illa

584 3940 647 3988 dum
663 3952 735 3998 ver05
753 3938 842 3986 Dvero
857 3937 944 3996 primo
963 3935 1009 3984 do·
1042 3953 1092 4002 m.;
1114 3940 1138 3987 D
1159 3953 1203 3988 aar
1222 3939 1245 3989 a.
1265 3940 1280 3988 l.
1303 3939 1351 3985 illu
1374 3951 1407 3985 m.
1427 3935 1468 3984 ert.

582 4037 661 4072 mum·
680 4022 719 4073 1²·
738 4017 879 4081 videns]A¹
895 4021 1008 4072 audreas.
1043 4025 1082 4075 22.
1110 4023 1298 4083 emoderandus]
1324 4023 1338 4071 1
1364 4022 1467 4070 amode-

585 4108 622 4158 la.
647 4108 717 4170 quasi
739 4120 772 4157 m.
795 4107 825 4166 t]
850 4119 898 4155 om.
921 4107 957 4168 A;
987 4106 1007 4154 B
1040 4109 1147 4169 eandm
1166 4108 1271 4158 Boura
1287 4107 1469 4169 moderandus3

579 4191 682 4256 sudori.
728 4191 767 4241 14.
790 4193 882 4252 autem]
901 4192 924 4240 A
941 4204 1007 4240 veru.
1039 4193 1063 4242 D
1080 4193 1270 4242 immoderatus.
