3320 5146
415 517 517 562 nicrna
531 518 676 560 rossana
690 515 854 560 posennus.
1019 509 1079 567 113

159 685 270 746 ltiam
300 653 478 760 apud'eum
507 673 654 748 inveniet,
689 692 778 754 qnam
809 671 859 753 qni
886 691 941 751 per
969 671 1079 753 lingua

193 782 407 847 blandimenta
430 775 578 856 decipit''.

159 891 177 944 3
277 883 324 946 Aa
338 883 557 942 PRUDENTIA
569 875 745 957 respondit:
770 876 840 936 Non
863 875 981 938 irascor
1003 895 1080 939 con-

195 996 244 1049 tra
277 992 309 1046 te
343 982 409 1044 sine
438 999 543 1053 causa,
578 978 634 1040 scd
661 977 764 1056 potius
797 996 852 1056 pro
882 984 937 1038 tua
966 975 1083 1052 salute3

161 1093 277 1160 onam,
307 1091 342 1146 ut
362 1084 443 1144 idem
473 1080 654 1142 Salomon
681 1078 776 1140 dixit:
813 1078 946 1141 “Melior
969 1086 1018 1141 est
1039 1080 1086 1141 ira
1102 1083 1238 1178 W&
1267 1164 1270 1170 1

200 1190 275 1264 risu,
299 1187 371 1268 quia
392 1203 448 1264 per
470 1180 628 1260 tristitiam
655 1181 759 1242 vultus
783 1179 945 1260 corrigitur
968 1180 1086 1243 animus
1150 1165 1155 1182 ’

165 1285 438 1369 tdelinquentis''.
495 1281 630 1345 Consnlo
658 1283 761 1363 itaque
790 1279 856 1355 tibi,
891 1290 982 1364 utto
1012 1303 1084 1346 cor·

198 1392 283 1470 rigas
307 1396 411 1469 atque,
434 1404 483 1445 me
504 1389 658 1462 temptare
672 1383 767 1445 verba
789 1382 888 1462 pacis,
911 1385 1085 1464 permittas,

164 1499 232 1554 tet
254 1491 282 1552 si
309 1488 352 1562 id,
386 1486 468 1567 quod
497 1484 572 1558 dixi,
606 1484 685 1545 bono
720 1483 820 1546 aniano
850 1485 952 1547 facere
980 1486 1087 1549 volunt

201 1589 383 1663 adversarii,
406 1587 476 1649 illos
500 1586 539 1648 ad
562 1595 615 1648 tua
638 1594 795 1665 praecepta
818 1586 982 1667 suscipias.

152 1700 183 1754 11
291 1693 375 1754 Tunc
408 1692 599 1749 MELIBEUS
629 1685 721 1748 dixit:
766 1687 816 1748 Ex
849 1707 908 1767 quo
941 1689 997 1751 tibi
1028 1689 1087 1753 hoc

203 1782 318 1874 placet,
351 1811 388 1853 ac
415 1789 487 1851 inde
516 1788 589 1851 mihi
612 1787 758 1862 consulis,
793 1791 872 1869 quod
895 1790 951 1852 tibi
973 1790 1088 1870 placet,

153 1897 305 1974 131lacere
328 1913 387 1956 non
410 1899 593 1972 postponas.

288 2335 373 2396 Tunc
396 2331 635 2405 Prudentia,
660 2331 807 2394 dilatione
836 2305 958 2394 modica
978 2340 1090 2414 postu·
1169 2317 1173 2325 ¹

157 2445 190 2500 15
207 2438 283 2511 lata,
314 2435 351 2496 de
371 2431 531 2496 voluntate
559 2431 627 2506 viri,
657 2431 688 2494 in
716 2433 783 2512 ejus
811 2441 915 2496 tamen
938 2433 1091 2510 absentia,

208 2545 330 2601 secreto
353 2535 424 2597 illos
447 2534 643 2596 adversarios
666 2554 739 2596 suos
762 2536 801 2597 ad
824 2555 857 2598 se
880 2535 955 2598 fecit
976 2536 1092 2611 vocari,

158 2648 190 2702 17
208 2642 240 2703 in
262 2657 389 2721 quorum
411 2635 580 2716 praesentia
600 2637 682 2698 bona
708 2636 796 2715 pacis
819 2645 851 2698 et
872 2637 954 2699 mala
976 2657 1093 2718 guerrae

210 2761 246 2803 ac
269 2726 343 2801 belli
366 2737 515 2818 praedicto
538 2738 629 2799 modo
652 2757 792 2813 narrans,
816 2738 887 2801 illos
902 2739 997 2818 coepit
1017 2739 1093 2801 hor-

162 2851 194 2907 19
211 2841 282 2916 tari,
317 2847 352 2902 ut
382 2839 419 2900 de
447 2839 565 2918 injuria·
581 2838 641 2899 sibi
663 2847 694 2899 et
726 2839 847 2902 domino
868 2841 1034 2903 Melibeo
1058 2860 1094 2902 ac

212 2944 281 3025 filiae
312 2942 378 3021 ejus
407 2942 492 3001 facta
522 2938 678 3013 dolerent,
713 2940 838 3020 ejusque
871 2942 983 3004 domini
1012 2961 1095 3022 prae-

137 3054 193 3107 '21
214 3043 314 3126 ceptis
355 3062 422 3104 cum
448 3042 624 3122 juramento
651 3060 688 3102 ac
718 3041 907 3120 juratoribus
940 3063 977 3105 ac
1004 3062 1098 3123 poena

215 3156 299 3208 stare
322 3143 498 3206 nullatenus
529 3142 698 3204 differrent.
754 3142 802 3203 llli
825 3151 927 3206 autem
950 3145 1016 3207 haec
1039 3165 1097 3208 au·

164 3256 198 3310 23
216 3247 337 3310 dientes
366 3243 464 3324 gavisi
493 3245 617 3305 fuerunt
643 3242 754 3324 gaudio
783 3263 912 3325 magn03
949 3248 1099 3327 valdeque

217 3345 380 3410 dulcedine
401 3344 563 3406 verborum
586 3343 662 3406 moti
684 3365 721 3407 ac
735 3345 839 3408 dolore
864 3347 965 3410 cordis
986 3347 1099 3410 intrin-

166 3458 201 3514 25
218 3468 309 3512 secus
327 3445 406 3509 tacti
425 3463 493 3506 cum
518 3445 592 3507 fletu
611 3447 836 3526 responderant
854 3449 1009 3511 dicentes:
1034 3449 1101 3511 Do-

219 3551 302 3613 mina
324 3545 565 3629 sapientissima,
578 3551 647 3608 ·“tu
669 3550 847 3629 praevenisti
874 3571 930 3613 nos
952 3551 984 3612 in
1005 3550 1103 3613 bene·
1121 3584 1202 3625 pean.
1213 3579 1260 3624 xx,
1275 3577 1295 3616 r.

264 3738 286 3788 l.
320 3734 439 3793 inveniet]
467 3733 489 3780 D
515 3733 647 3781 invenerit.
682 3734 721 3784 18.
748 3737 860 3796 nauans]
885 3735 904 3782 B
931 3736 966 3783 ets
988 3747 1104 3784 aunam,

221 3823 244 3872 5.
262 3821 309 3880 ira]
328 3821 351 3869 A
368 3823 405 3868 at.
440 3819 463 3866 o.
492 3817 561 3881 qula]
579 3817 647 3866 ΔΒΕ
682 3819 721 3869 ll.
760 3821 843 3882 poena]
890 3821 912 3868 Α
947 3819 1104 3880 pauitantia.

221 3920 306 3968 ouum.
340 3903 482 3964 corrigitur]
501 3902 547 3951 ΑΙ)
565 3902 645 3950 com'-
682 3899 722 3954 22.
734 3904 858 3965 differant]
870 3903 1026 3966 Bdeferrcat.
1044 3905 1105 3964 hac]

221 3995 302 4053 parur.
355 3990 379 4038 9.
414 3986 478 4046 dixi]
504 3987 527 4035 D
553 3985 647 4034 diaeo.
682 3984 739 4038 A’G
762 3990 815 4038 toa.
869 3990 908 4040 2³.
932 3987 1059 4048 valdeque]
1087 3987 1106 4035 B

149 4138 152 4145 Ι
222 4074 320 4134 volunt]
338 4073 358 4121 E
375 4073 461 4140 vellat.
510 4071 549 4121 12.
566 4070 649 4133 placet
683 4072 756 4120 valde
774 4075 819 4135 qut
841 4074 935 4132 ettam5
959 4079 1015 4122 cett.
1037 4071 1107 4121 codd.

223 4160 315 4218 lacere]
333 4161 356 4207 Δ
370 4157 471 4217 placcat
490 4155 586 4216 facem
607 4154 649 4202 Bu
683 4156 757 4204 uulda
774 4158 826 4218 qai.
862 4157 900 4208 26.
919 4157 1070 4220 prevenisti]
1089 4155 1108 4203 B

222 4245 305 4307 facero
315 4244 405 4303 placet.
432 4239 471 4290 15.
488 4238 581 4298 umen]
601 4251 648 4287 om.
683 4241 813 4292 incentat.

227 4329 254 4379 n.
306 4328 343 4378 16.
375 4324 479 4385 secrato]
505 4323 528 4372 D
554 4326 649 4372 secrete.

276 4429 381 4466 aruum.
397 4427 440 4463 nto.
456 4424 538 4460 comi.
886 4415 902 4468 8
